4522 5850
915 331 1005 359 ,...
1058 244 1161 383 ‚va
1224 331 1296 357 .-

150 538 242 623 ..e-ec
258 566 367 641 nreper
386 549 676 639 comparauerant..
704 550 786 640 quos
806 547 903 611 tanto
921 535 1022 611 turba
1041 531 1237 635 sequebatur
1256 544 1294 605 ut
1312 531 1401 605 intra
1422 529 1598 629 seuagr'reta
1617 544 1785 602 annonem
1806 531 1954 632 spatium
1976 529 2067 620 (ude

150 693 184 768 b
230 682 337 758 Αιιιιο
363 680 489 755 Orristi
507 680 585 759 87t
608 680 660 754 od
679 677 759 758 930
783 679 904 784 usque)
929 707 1093 781 maguam
1116 677 1207 750 bone
1232 677 1380 751 iraubom
1401 678 1537 779 penitus
1559 669 1791 774 occupassent,
1824 678 1973 776 quamuis
1994 677 2068 751 Re-

150 856 217 912 ,vs
242 826 416 927 Nomegia
445 854 581 900 censum
607 827 655 900 ob
684 826 922 926 emr'gronobus
947 823 1109 925 escr‘qreredo
1137 821 1215 896 buis
1241 820 1429 922 ansprandi
1451 818 1585 895 otetur
1608 834 1709 895 certos
1724 816 1821 919 fines
1846 833 1985 894 statuere
2011 848 2068 896 co·

150 983 321 1056 morbo.
385 972 483 1046 Noui
513 973 624 1044 coloni
650 999 720 1044 non
746 969 855 1043 solum
882 984 1015 1043 ueterem
1042 968 1197 1042 Deorum
1226 967 1350 1071 cultum
1376 966 1440 1039 sed
1462 979 1495 1039 et
1519 965 1660 1048 condem
1684 966 1775 1063 juris
1804 964 2068 1043 abutaurus

150 1143 258 1203 wc,
286 1119 343 1191 cui
364 1116 536 1218 bucusque
562 1117 744 1217 assuefacti
766 1128 874 1200 erant,
906 1116 961 1187 lu'c
984 1115 1200 1189 iestc'tumunt.
1256 1109 1338 1184 Hoc
1362 1138 1400 1184 eo
1414 1110 1561 1219 faucbus
1587 1109 1679 1212 effici
1698 1123 1833 1214 potend
1855 1139 1933 1184 eum
1954 1111 2069 1212 pierres
2115 1102 2120 1116 ¹

150 1288 303 1375 procem
326 1263 393 1335 buc
417 1261 637 1363 appulissent,
667 1261 723 1362 qui
745 1260 829 1334 deum
855 1259 1061 1358 Norueqiam
1085 1257 1352 1367 bebobitauerant
1374 1255 1560 1331 sacerdotri·
1573 1284 1708 1332 munere
1732 1258 1768 1330 in
1795 1257 1961 1330 idolorum
1985 1269 2069 1331 nnu-

161 1407 232 1513 qle's
256 1407 416 1508 sunulepee
437 1403 666 1506 jurisdictione
695 1418 728 1478 et
755 1403 943 1505 magistrali
967 1416 1128 1504 potestate
1154 1405 1204 1481 ιἰι,
1217 1403 1344 1477 cncolos
1369 1400 1518 1502 ejusdem
1544 1401 1745 1503 toparchia,
1783 1404 1841 1505 qui
1864 1402 1955 1476 edem
1981 1417 2068 1477 tem-

177 1552 259 1653 plum
273 1551 533 1654 frequmturent,
557 1551 779 1651 fungerentur
801 1576 868 1651 pro
899 1577 991 1623 more
1021 1551 1057 1622 in
1083 1549 1253 1650 Noruegio
1280 1560 1414 1651 totoque
1439 1546 1661 1648 Septentrsbne
1688 1560 1760 1620 tum
1787 1561 1941 1653 recepto,
1971 1577 2069 1652 quare

185 1694 285 1794 dupla
309 1696 374 1770 hoe
399 1720 527 1793 nisaeus
552 1723 621 1767 uno
649 1683 809 1769 uocabulo
843 1692 1043 1767 '’Getam’'
1068 1694 1252 1769 uocabatur
1279 1704 1311 1767 et
1340 1694 1398 1795 qui
1424 1693 1457 1765 ei
1479 1703 1649 1792 preerant
1677 1689 1801 1765 Godar
1828 1721 1856 1767 s.
1886 1692 2070 1796 Hcffgudor

201 1839 414 1937 oppdobontur
426 1829 471 1931 ⁶).
537 1838 594 1912 Hi
618 1842 707 1913 enim
729 1867 880 1940 proceres
905 1867 976 1910 non
1002 1839 1113 1913 solum
1140 1839 1259 1914 liberos
1279 1838 1525 1941 famulosque,
1561 1838 1627 1912 sed
1658 1849 1690 1910 et
1721 1866 1937 1913 numerosam
1969 1841 2069 1915 elren·

195 1979 269 2055 idon
286 2012 392 2059 secum
415 1985 648 2069 odduaenmt,
683 2012 760 2085 quae
784 1982 837 2056 ad
852 1984 1078 2084 pcrtrocim'um
1101 2012 1218 2065 aarum
1243 1985 1415 2086 corfirgcre
1438 1984 1669 2068 consuevisset,
1697 1996 1754 2068 nt,
1788 1984 1851 2057 ubi
1867 1985 1981 2059 litibus
2003 1986 2069 2058 im·

196 2121 370 2219 siccata,
400 2159 499 2232 opem
525 2131 608 2230 ipsis
633 2131 773 2202 uicissem
797 2140 972 2229 prostaret
997 2130 1151 2202 sionna
1177 2128 1335 2204 aduersm
1358 2130 1488 2202 bostem
1514 2126 1679 2230 capiendo
1705 2141 1810 2203 essem
1835 2130 1885 2203 uel
1904 2141 2070 2230 patronus

190 2266 251 2341 aba
268 2287 379 2374 uigente
402 2278 589 2349 necessitate
611 2287 820 2374 premeretur.
882 2273 951 2371 Qui
971 2273 1159 2349 succedente
1181 2288 1326 2377 tempore
1349 2272 1462 2347 sedem
1487 2274 1530 2348 iis
1554 2273 1590 2346 in
1614 2273 1696 2346 Iocis
1709 2271 1868 2374 fiaes-curt
1890 2304 1971 2378 quos
1987 2278 2069 2377 jam

198 2411 244 2483 di
264 2434 476 2520 occupassent,
505 2419 646 2520 fundos
674 2420 816 2493 incultos
844 2445 916 2492 non
944 2419 1015 2492 nisi
1047 2422 1140 2494 certic
1175 2420 1418 2494 conditionibus
1453 2419 1680 2508 obb‘rcuenaet,
1722 2420 1807 2493 r'nter
1840 2447 1924 2521 quos
1958 2423 2068 2522 inpri-

197 2557 248 2628 mis
268 2562 312 2635 rte
338 2578 378 2639 ur
401 2565 630 2667 subrubeum·
658 2564 791 2642 domet
806 2563 923 2664 suarii
948 2565 1185 2666 tepescam
1212 2567 1401 2651 subessent,
1436 2577 1469 2638 a
1493 2564 1654 2639 ubuum
1682 2564 1734 2638 ed
1742 2565 1835 2667 seni
1857 2567 2069 2641 sannaus

198 2725 257 2772 'tm
274 2735 412 2784 mnnrun
439 2723 608 2811 certasque
633 2736 753 2810 operas
773 2697 1046 2811 prastomnt*').
1103 2709 1188 2785 [rede
1213 2710 1400 2810 intellegebat
1424 2710 1482 2814 qui
1491 2711 1635 2810 sactum
1662 2712 1722 2801 sit,
1751 2723 1790 2785 ut
1806 2710 1993 2813 jeursdieteo
2020 2712 2069 2785 ita

198 2847 315 2946 ttqtio'to
336 2853 544 2928 bareditano
567 2858 646 2956 jure
670 2853 725 2926 od
741 2867 894 2959 posteros
921 2857 1115 2958 acquirentes
1141 2844 1398 2947 uacuum),
1435 2866 1469 2930 et
1495 2883 1684 2958 quanquam
1710 2857 1933 2932 sacerdote'ran
1959 2857 2070 2932 etbni-

256 3161 278 3234 'b
297 3171 374 3230 Hoec
405 3171 575 3230 sacerdotii
600 3174 828 3250 potestatisque
852 3177 913 3247 jus
946 3172 1068 3231 dicendi
1100 3176 1217 3232 intima
1251 3176 1427 3249 conjunctio
1459 3194 1572 3233 ansam
1598 3172 1739 3253 proebuit
1770 3174 1800 3230 ei
1833 3175 1996 3244 instituto,
2033 3185 2069 3230 ut

289 3268 388 3342 locus,
421 3290 479 3350 quo
502 3269 663 3344 judicium
693 3269 878 3342 haberetur,
913 3273 977 3332 oedi
1009 3268 1111 3331 socroe
1141 3284 1219 3335 esset
1243 3275 1428 3349 proximus,
1464 3285 1558 3353 utqus
1588 3274 1723 3333 annuns
1753 3292 1864 3344 sacer,
1897 3294 1983 3353 quem
2007 3277 2070 3347 ju-

290 3389 362 3430 rans
384 3372 574 3450 quicunque,
603 3373 667 3430 siue
682 3371 805 3445 judee,
834 3374 897 3431 siue
913 3394 997 3450 pars
1017 3372 1154 3448 litigans
1159 3413 1172 3443 ,
1197 3375 1262 3432 siue
1283 3384 1449 3443 euocatus,
1474 3375 1539 3434 siue
1561 3378 1650 3433 testis
1673 3384 1767 3442 esset,
1792 3391 1892 3432 manu
1912 3377 1994 3431 inter
2007 3378 2069 3446 jn-

192 3500 195 3505 ·
287 3470 418 3529 rondsem
438 3469 624 3549 prehendere
647 3470 827 3542 tenebatur,
855 3493 954 3551 prope
980 3491 1075 3532 aram
1099 3484 1297 3540 seruaretur,
1329 3493 1386 3552 quo
1412 3471 1540 3551 quilibet
1564 3484 1656 3534 octies
1673 3471 1909 3545 jurisdictionis
1934 3475 2069 3546 majoris

287 3572 430 3630 momenti
447 3583 568 3648 proeter
582 3570 763 3645 juridicam
787 3572 936 3648 religiosa
960 3574 1131 3631 sanctitate
1156 3575 1336 3630 muniretur.
1399 3572 1480 3631 Vide
1504 3570 1802 3633 mamona-Boc
1833 3573 1873 3629 P.
1899 3571 1961 3631 IV.
1994 3591 2019 3629 c.
2046 3573 2067 3627 7

150 3720 155 3749 ÷
279 3687 311 3746 p.
336 3672 403 3732 299
436 3668 492 3729 ubi
515 3670 703 3747 inter'teges
734 3669 860 3746 Ulsbiati
883 3683 914 3730 et
937 3672 999 3730 etta
1024 3674 1226 3741 nominatur,
1258 3691 1327 3750 quae
1346 3672 1542 3751 proescripsie
1551 3713 1563 3743 ,
1595 3684 1632 3731 ut
1657 3670 1793 3730 arenubes
1818 3671 1877 3728 iste
1903 3669 1949 3728 ad
1971 3673 2068 3728 mini-

150 3770 156 3785 ''
285 3788 367 3828 mum
392 3770 528 3830 duarum
551 3773 718 3830 wiciorum
737 3769 873 3850 pondere
897 3773 934 3830 in
957 3792 1020 3832 ara
1036 3770 1123 3850 sani
1141 3771 1332 3850 principalis
1357 3771 1404 3830 ad
1425 3770 1508 3830 bunc
1532 3791 1623 3832 ιιιιιιιι
1645 3781 1868 3832 asservaretur.
1894 3770 1996 3842 (Vide
2017 3774 2069 3829 in-

150 3934 153 3943 ,
181 3936 186 3945 ¹
281 3872 394 3946 primis
421 3869 679 3951 Eyrbyggia-S.
716 3891 742 3929 c.
768 3867 789 3927 4
822 3891 855 3948 p.
883 3874 946 3942 10,
985 3870 1243 3949 Vlgaglcims-S.
1281 3891 1308 3929 c.
1337 3875 1377 3932 19
1417 3871 1476 3951 cfr.
1506 3872 1676 3951 Arngrimi
1701 3871 1920 3952 Grynuogoeam
1951 3892 1987 3956 p.
2014 3873 2068 3953 76,

285 3967 502 4049 Schiinningii
525 3971 652 4048 Norgee
675 3971 761 4031 fflst.
795 3973 836 4029 P.
859 3970 906 4032 II.
930 3992 971 4054 p.
997 3967 1084 4053 247.)

230 4115 267 4190 ”b
292 4123 462 4184 Recensum
485 4122 596 4184 borum
621 4125 825 4184 tribunalium
847 4122 971 4185 exhibet
995 4124 1191 4204 Sobib'nning
1216 4129 1251 4186 in
1275 4124 1350 4186 bist.
1369 4126 1468 4186 Noru.
1493 4125 1558 4216 ttl.
1571 4108 1613 4206 p.
1631 4121 1705 4186 143.
1757 4125 1847 4187 Inter
1870 4124 1938 4214 Iroec
1964 4135 2069 4183 tamen

286 4225 424 4302 quadum
434 4224 530 4304 fuere
552 4225 739 4295 celebriora,
761 4228 887 4303 partim
907 4224 944 4284 ob
968 4230 1122 4300 majorem
1148 4225 1302 4286 autbitm
1323 4238 1354 4285 et
1377 4225 1553 4287 incolarum
1575 4230 1618 4287 iis
1638 4224 1845 4313 subjectorcun
1867 4227 2069 4303 insigniorem

288 4341 460 4395 nummum,
479 4327 606 4402 partim
630 4324 666 4409 ub
691 4344 847 4384 summam
870 4325 906 4383 in
929 4329 1091 4386 sententiis
1114 4325 1252 4411 dicendis
1277 4328 1474 4408 eequitmem,
1507 4325 1584 4386 adeo
1610 4337 1646 4386 ut
1665 4346 1808 4406 proceres
1834 4325 1970 4387 aliorum
1987 4344 2069 4401 pro-

181 4480 185 4487 .
288 4425 396 4482 uincioe
420 4435 580 4484 tractraem
604 4424 675 4484 liter
699 4445 775 4485 secas
799 4426 843 4484 iis
866 4422 1059 4486 dirimendas
1083 4425 1190 4504 sponte
1214 4425 1433 4487 submitterent.
1496 4408 1571 4509 Huc
1594 4426 1757 4506 referenda
1772 4426 1886 4505 sorum
1912 4422 2073 4501 'Phorcus-2

244 4562 247 4567 -
287 4521 379 4585 timue
402 4525 438 4583 in
461 4523 638 4602 quadrante
663 4523 850 4583 occidentali
871 4543 895 4583 a
924 4523 1073 4604 Tborobso
1095 4526 1365 4606 Mosttarskegg,
1382 4546 1444 4591 uuo
1469 4512 1731 4607 eputentioribus
1755 4525 1910 4587 lelandioe
1934 4543 2069 4598 accrepa-

289 4621 418 4695 toribus,
444 4624 586 4700 primum
610 4626 788 4683 institutum
811 4623 885 4703 (cfr.
910 4624 1161 4705 &mmm-25¹.
1185 4644 1212 4684 e.
1231 4623 1253 4683 4
1274 4647 1308 4705 p.
1328 4629 1389 4697 12,
1417 4626 1687 4707 Lundnama-B.
1712 4629 1754 4687 P.
1772 4627 1818 4685 II·
1845 4645 1870 4680 c.
1891 4625 1932 4680 12
1953 4642 1987 4699 p.
2007 4618 2067 4692 45)

289 4720 550 4784 sextemascum
572 4743 594 4783 a
607 4721 794 4815 'Tborsterrio
807 4722 1011 4801 Ingoffifflc'o
1020 4723 1201 4811 fundatum
1207 4745 1221 4798 ,·
1245 4725 1316 4788 uide
1335 4729 1435 4786 etiam
1447 4727 1526 4813 Arii
1540 4725 1679 4786 Scbedm
1695 4745 1729 4803 p.
1747 4726 1788 4783 16
1805 4721 1855 4805 ed
1872 4719 1914 4779 A.
1928 4719 2065 4780 Brasoei.

154 4862 157 4867 ¹
231 4854 276 4934 Ἢ
295 4872 402 4934 Btiam
424 4875 594 4955 impuberes
617 4889 648 4935 et
662 4875 817 4955 foeminea
840 4877 925 4938 banc
942 4889 1133 4958 potestatem
1148 4881 1227 4954 jure
1250 4864 1457 4939 hareditaria'
1479 4878 1702 4959 acquirebant,
1736 4858 1829 4955 quarn
1849 4894 1915 4953 per·
1932 4874 2068 4933 manda-

290 4977 398 5034 tarium
427 4978 478 5034 sui
501 4979 590 5048 juris
614 4976 812 5047 exercebant,
847 4997 902 5036 nec
927 4982 970 5038 iis
994 4978 1206 5058 tutoribusque
1229 4999 1299 5037 eam
1324 4980 1466 5038 alienare
1491 4979 1581 5036 licuit
1606 4965 1719 5063 pingi.
1739 4975 1776 5036 B.
1810 4994 1846 5032 e.·
1865 4977 1903 5034 61
1945 4976 2013 5039 Vct,
2041 4974 2066 5031 I.

293 5192 340 5233 tere
363 5172 572 5246 contendunt,
596 5178 632 5234 in
655 5174 802 5238 islandia
828 5177 910 5267 r‘ruie>
926 5198 948 5238 a
969 5181 1075 5257 prima
1099 5180 1316 5256 occupationis
1341 5171 1473 5256 ternpore
1495 5177 1673 5272 obtinuerit.
1735 5224 1740 5232 .
