4522 5850
1082 184 1434 372 ...32-

292 552 435 603 nemar
460 552 592 620 secar,
623 526 714 630 peir
740 550 784 602 er
808 533 883 629 par
908 550 982 602 eru
1006 522 1225 629 bupfastir,
1292 532 1427 604 iisoum
1442 525 1588 602 habent
1600 528 1743 602 causae
1758 529 1953 605 interdicti
1964 552 2150 629 capaces,
2166 530 2221 623 fii-

292 685 345 780 pa
371 675 467 780 eigu
490 672 582 777 peir
603 689 652 750 ut
674 688 717 751 nt
741 699 868 778 gonga
893 699 940 751 oc
966 701 1008 750 sa
1035 670 1159 778 fyrstr
1182 698 1228 750 er
1293 675 1387 769 lico)
1400 689 1563 763 exeant,
1582 688 1624 749 et
1636 700 1767 750 eorum
1778 681 1925 776 primus
1939 680 2005 781 qvi
2012 688 2220 776 postremus

294 820 392 898 esstr
412 848 506 927 gecc
527 820 616 898 inu.
674 820 728 897 Es
743 819 894 925 gopinn
914 819 1018 896 losar
1038 821 1228 927 rypiand-
1292 826 1471 897 introivit.
1530 821 1577 895 Si
1593 836 1780 920 praetora
1791 823 1977 926 formulis
1996 818 2219 922 reprobatio

294 996 420 1045 anum
450 985 492 1045 nt
520 969 635 1045 maela
664 967 744 1074 eigi
775 965 1002 1073 rupningar
1030 969 1226 1046 malumi
1293 973 1356 1043 nis
1388 966 1560 1044 secunda
1589 973 1668 1043 vice
1694 971 1935 1072 priy'erendir
1963 968 2221 1070 reprobantem

293 1133 420 1194 annet
455 1116 574 1208 sinn,
619 1123 670 1220 pa
707 1117 789 1193 scal
822 1115 1073 1223 rypiandinn
1104 1116 1228 1194 nesna
1291 1115 1583 1215 dispensaverit,
1603 1116 1664 1190 irie
1682 1117 1731 1192 de
1748 1118 1840 1192 datu
1858 1123 1970 1194 venia
1989 1130 2111 1194 testes
2129 1142 2219 1192 nun·

294 1279 402 1340 natta
422 1280 465 1340 at
483 1262 632 1355 lofinu,
657 1262 761 1341 enda
779 1289 824 1341 er
844 1225 995 1369 gopinn
1013 1264 1169 1370 ekylldr
1186 1282 1230 1342 at
1293 1278 1430 1364 cuper,
1457 1275 1670 1367 ptaetorqve
1693 1265 1857 1341 aiterum
1880 1270 1920 1374 in
1934 1265 2132 1370 judicium
2151 1281 2220 1341 sta·

293 1410 416 1488 nefna
456 1439 592 1488 annau
630 1410 644 1486 i
682 1411 877 1504 dominu,
922 1418 1047 1518 pegar
1083 1439 1150 1491 eva
1187 1430 1229 1490 at

295 1558 545 1664 rypiandinn
569 1561 643 1638 siai
669 1544 714 1638 ef
731 1557 844 1636 hann
869 1559 943 1637 vill
967 1569 1066 1665 virp
1091 1561 1228 1647 hallda

296 1706 360 1780 til.
421 1705 475 1784 Et
495 1708 743 1814 rypiandinn
763 1707 904 1813 steigi
925 1706 1053 1786 hvern
1077 1711 1229 1816 gopinn

294 1851 440 1954 nesnpi
461 1853 479 1928 *i
505 1853 598 1931 dom
621 1857 636 1932 i
660 1872 784 1955 anlnat
804 1857 915 1949 sinn,
946 1883 993 1933 oc
1013 1885 1057 1932 er
1078 1857 1229 1961 gopinn

295 1998 436 2103 skyldr
455 2017 496 2075 at
513 2002 620 2108 segia
643 2001 942 2109 rypiandanum
966 2000 1093 2101 hiem
1116 2003 1229 2080 hann

296 2146 438 2250 nesnpi
472 2149 484 2224 i
515 2149 610 2226 do'm
639 2149 684 2228 ef
707 2148 818 2226 hann
847 2177 989 2258 spyrr,
1031 2177 1078 2228 oo
1107 2149 1231 2229 nefna

189 2370 199 2386 ‚
296 2292 554 2371 domandam]
576 2323 623 2375 oo
642 2325 709 2376 sva
728 2297 850 2404 fopur
869 2297 970 2376 hans
990 2306 1064 2404 epa
1083 2304 1230 2403 mopm·

296 2438 341 2521 es
353 2428 439 2543 pari
456 2470 556 2521 voru
577 2445 772 2523 Islendzk.
816 2444 870 2521 Et
884 2446 1035 2551 gopinn
1055 2446 1128 2523 vill
1148 2447 1228 2553 eigi

295 2588 419 2692 segia,
443 2600 492 2693 pa
514 2592 594 2668 scal
614 2593 863 2698 rypiandinn
883 2593 1005 2672 nefna
1024 2580 1088 2671 'ser
1104 2611 1229 2690 natta,

297 2736 308 2809 i
335 2745 404 2838 pat
428 2739 535 2814 vaetti
559 2741 638 2817 scal
664 2739 777 2816 hann
799 2747 951 2846 qvepa,
986 2734 1030 2820 αι’
1051 2769 1095 2819 ec
1118 2741 1230 2848 beipi

1296 1417 1361 1484 tim
1375 1410 1622 1488 denominare
1634 1424 1801 1502 tenetur,
1817 1417 1869 1487 ita
1883 1426 2030 1502 tamen,
2047 1427 2220 1513 utrepro·

1296 1556 1412 1647 bans,
1435 1584 1528 1633 num
1541 1565 1752 1635 attentione
1768 1557 1898 1635 debita
1916 1574 2067 1650 utatur,
2089 1560 2217 1636 videat.

1297 1697 1523 1806 Reprobans
1545 1709 1678 1780 sinon
1701 1707 2010 1785 animadverterit
2028 1730 2221 1812 qvemnarrr

1296 1853 1419 1933 alteru
1441 1857 1521 1928 vice
1543 1858 1582 1925 in
1597 1853 1788 1957 judicium
1808 1854 2114 1931 denominaverit
2128 1876 2220 1956 prae·

1297 2014 1374 2089 tor,
1403 2000 1464 2075 iric
1487 1998 1721 2099 reprobanti,
1750 2005 1787 2075 si
1805 2005 2118 2105 interrogaverit,
2138 2003 2222 2078 indr-

1270 2151 1273 2154 ’
1295 2171 1387 2223 care
1407 2161 1559 2222 tenetur
1574 2173 1774 2252 qvemnam
1796 2153 1837 2223 in
1851 2149 2043 2254 judicium
2056 2150 2221 2253 sdenuo)

1295 2293 1616 2384 denominaverit,
1645 2299 1727 2396 ipso
1739 2297 1874 2402 judice
1896 2310 1942 2370 ut
1956 2311 2000 2373 et
2013 2313 2129 2398 patre
2147 2306 2220 2404 ejus

1297 2442 1358 2519 vel
1378 2457 1525 2532 matre,
1562 2449 1599 2517 si
1623 2427 1776 2520 lelandi
1787 2444 1968 2549 fuerint,
2005 2450 2215 2522 nominatis.

1296 2588 1386 2667 Hoc
1399 2596 1436 2665 si
1447 2589 1645 2668 declarare
1659 2591 1824 2668 noluerit
1836 2607 1996 2691 praetor,
2021 2592 2217 2694 reprobans

1298 2752 1414 2814 testes
1433 2755 1646 2840 nuncupet,
1676 2740 1747 2816 iros
1766 2755 1955 2830 antestor,
1982 2739 2107 2832 dicat,
2137 2740 2217 2847 qvod

294 2883 383 2985 pic,
415 2913 461 2961 oe
483 2887 605 2965 noina
628 2897 808 2995 gopann,
838 2906 881 2967 at
898 2889 1005 2997 segia
1025 2889 1153 2967 hvern
1172 2900 1231 2994 Ρη
1296 2913 1321 2962 α
1349 2901 1410 2976 te,
1441 2902 1607 2986 praetore
1633 2892 1852 2978 nominato,
1885 2892 2002 2994 exigo
2031 2903 2079 2962 ut
2100 2888 2215 2966 dech-

296 3031 464 3108 nesndir
491 3035 504 3110 i
533 3034 649 3131 dom,
682 3064 729 3115 oc
756 3044 883 3142 qvepa
907 3046 959 3143 pa
984 3068 1007 3117 a
1034 3039 1230 3133 dominn3
1297 3057 1379 3123 nes,
1406 3030 1515 3137 ‹jvem
1537 3039 1577 3108 in
1591 3035 1799 3140 judicium,
1827 3037 1927 3141 qrod
1946 3000 2064 3114 ettam
2086 3037 2215 3114 indice·

296 3179 404 3282 beipi
423 3209 466 3257 ec
483 3185 550 3285 pic
567 3184 845 3290 laugbesping.
907 3185 960 3262 Es
972 3187 1122 3291 gopinn
1140 3214 1231 3292 gerr
1298 3196 1376 3271 tur,
1399 3182 1716 3259 denominaveris.
1768 3184 1992 3288 Legitimam
2007 3184 2219 3286 postulandi

257 3301 261 3307 ”
296 3326 376 3430 eigi
406 3331 512 3432 segia
523 3384 536 3422 ,
573 3357 620 3407 oc
651 3343 770 3435 verpr
797 3331 910 3408 hann
938 3335 1082 3440 utlaegr
1109 3361 1156 3409 oo
1184 3360 1232 3409 or
1281 3330 1503 3432 formulam
1527 3329 1704 3407 adhibeo.
1763 3333 1918 3408 prator
1938 3339 1974 3407 si
1994 3359 2075 3409 non
2099 3334 2216 3412 decia·

296 3478 463 3580 goporpi
486 3479 594 3554 sinu.
656 3479 709 3556 Es
723 3479 835 3557 hann
854 3478 933 3585 fipr
951 3480 1031 3586 eigi
1052 3489 1228 3586 gopann,
1298 3485 1457 3569 raverit,
1484 3501 1639 3579 paenam
1661 3486 1922 3581 pecuniariam
1949 3484 2056 3572 luat,
2082 3498 2219 3584 proetu⁴

293 3624 445 3725 pascal
468 3623 1034 3731 hannhespaatrumihans‚
1058 3629 1228 3734 ocsegia
1297 3631 1919 3732 remqvesuaminsuperamittat.
1966 3631 2220 3730 Siproetorem

295 3765 398 3844 hvar
421 3768 532 3846 hann
558 3801 602 3850 er
626 3775 639 3849 i
663 3775 762 3878 bul).
823 3775 877 3853 Et
895 3777 1045 3883 gopinn
1067 3772 1229 3879 forPazk
1297 3801 1376 3851 non
1401 3767 1623 3852 convenerit
1645 3774 1877 3877 reprobant,
1914 3777 2122 3888 adsedem
2145 3783 2223 3885 ejus

294 3913 399 3992 fund
423 3916 524 3996 haus
550 3920 596 3995 til
620 3930 707 4024 pess
731 3940 772 4000 at
793 3921 898 4000 hinn
918 3925 1031 4027 rerpi
1052 3925 1131 4030 eigi
1152 3927 1229 4002 viss
1293 3924 1469 4026 pnfferat
1487 3925 1749 4026 postulatum,
1785 3925 1902 3998 simul
1925 3924 2131 4016 indicans,
2165 3927 2226 4003 eui

295 4061 424 4139 hvern
456 4064 568 4142 hann
598 4068 703 4146 hefrr
733 4064 872 4147 idom
903 4071 1109 4164 nefndan,
1154 4082 1229 4176 epti
1296 4077 1459 4148 tentorio
1484 4077 1564 4171 ipse
1590 4076 1694 4145 insit.
1759 4069 1836 4146 Ubi
1855 4087 2002 4172 praetor
2020 4097 2113 4148 eum
2134 4098 2225 4150 eon·

294 4208 409 4288 drelr
428 4197 653 4292 domn-esna
673 4219 720 4293 til
739 4228 843 4321 pess,
875 4237 917 4296 at
934 4229 987 4323 pa
1006 4221 1118 4323 verpi
1138 4219 1225 4296 faeri
1295 4220 1473 4296 veniendi
1484 4223 1725 4295 occasionem
1731 4218 1855 4323 sugit,
1879 4246 1929 4295 ne
1942 4225 1981 4295 ei
1991 4222 2224 4311 innotescat,

206 4403 213 4411 ·
294 4370 412 4462 verpa
443 4363 610 4457 ruddir,
642 4375 693 4468 pa
720 4377 864 4469 narpar
889 4366 1042 4444 honom
1067 4369 1223 4475 utlegp,
1293 4391 1401 4471 qvem
1411 4372 1450 4441 in
1455 4368 1647 4472 judicium
1657 4352 1969 4460 denominaverit,
1986 4367 2048 4442 vel
2050 4370 2225 4471 judicum

293 4533 339 4583 oc
359 4535 411 4585 or
424 4511 590 4616 goporpi
611 4513 715 4590 sino.
1292 4530 1467 4590 moratur
1478 4515 1840 4605 denominationem,
1863 4541 1951 4590 eum
1968 4520 2006 4588 in
2015 4516 2165 4614 finem,
2187 4530 2227 4592 ut

1286 4669 1489 4765 pauciores
1515 4661 1786 4761 reprobentur,
1819 4662 2003 4737 rrruietam
2029 4663 2118 4738 luat
2138 4690 2224 4742 curn

1286 4826 1472 4911 praeturae
1488 4809 1685 4909 dispendio
1701 4812 1963 4910 conjunctam.
2118 4776 2125 4784 ι

403 4936 485 5034 Par
511 4982 554 5032 er
576 4984 701 5032 menn
726 4955 842 5062 rypia
866 4954 1009 5048 doma,
1045 4980 1092 5031 oc
1117 4980 1161 5030 er
1182 4981 1223 5033 sa
1404 4959 1562 5033 Jndr‘ees
1591 4955 1659 5030 ubi
1685 4953 1959 5054 reprobantur,
1992 4974 2179 5069 ememtes
2206 4986 2230 5038 e

290 5095 344 5194 ΡΟ
367 5093 523 5200 skylldr
548 5119 588 5178 at
612 5104 690 5182 risa
715 5131 761 5181 or
785 5103 895 5180 domi
916 5129 961 5180 er
978 5127 1025 5179 or
1044 5129 1088 5179 er
1106 5129 1225 5178 num·
1280 5105 1430 5210 judicio
1454 5127 1611 5207 surgere
1638 5119 1811 5191 tenetur,
1844 5103 2017 5178 simodo
2044 5097 2230 5210 legitima)

1290 5248 1755 5355 reprobationirformuloe
1768 5264 1860 5346 sunt
1874 5248 2073 5341 adhibitae,
2090 5258 2233 5352 perci·
