4522 5850
895 307 964 326 —
1027 258 1221 346 LXXVI
1286 306 1356 326 -

165 535 242 583 rum
270 519 409 581 venam
433 505 683 580 islandicorum
711 507 878 592 beserviat,
907 508 962 581 bic
986 532 1064 580 nrm
1090 506 1295 579 colatronem
1316 490 1565 609 qondammodo
1585 511 1768 582 instituam.
1825 507 1951 583 Lector
1966 523 2056 586 atas

166 683 208 730 ne
229 654 329 728 talem
354 652 638 753 comparationem
663 652 716 724 ad
736 679 874 751 unguem
889 655 1030 755 saetam
1055 651 1110 723 bie
1135 664 1311 751 exspectet,
1346 679 1424 724 cum
1446 654 1504 727 illa
1521 656 1603 755 plus
1622 656 1779 755 temporis
1801 654 1961 754 exegisset
1978 682 2055 755 qous

167 801 246 874 bus'c
271 800 320 872 rei
347 797 533 899 impendere
557 798 664 898 potui.
735 795 867 895 Quavis
884 801 962 896 sere
990 824 1034 868 ex
1060 796 1204 868 historiis
1232 796 1273 868 de
1299 798 1398 870 rebus
1424 796 1603 872 Islandicis
1628 799 1708 871 buic
1736 800 1815 871 usui
1839 799 1988 871 iambe
2004 826 2054 900 pe·

166 959 245 1030 test,
274 944 368 1017 nulla
395 955 507 1014 autem
534 943 645 1042 magis
671 969 772 1044 qnam
799 938 1036 1041 Mile-Saga,
1065 968 1143 1012 cum
1170 941 1244 1013 bcec
1271 970 1401 1042 magna
1428 972 1473 1016 ee·
1495 957 1593 1045 parte
1619 945 1655 1015 in
1682 944 1871 1017 actiosu‘bus
1890 943 2053 1040 somnies

168 1089 375 1194 exponendis
401 1099 539 1160 versetur
564 1101 742 1188 auctorque
768 1088 871 1186 bujzes
897 1086 1042 1158 hisnrie
1069 1087 1140 1185 ipse
1158 1087 1248 1184 juris
1269 1091 1377 1188 patrii
1400 1091 1524 1190 optime
1547 1116 1678 1187 gssams
1691 1089 1809 1187 juisse
1836 1087 1992 1160 sedeatur.

335 1235 379 1308 Si
405 1235 497 1307 illam
529 1235 691 1307 uodonem
713 1235 908 1335 forassem,
946 1259 1047 1332 qoam
1079 1231 1153 1303 bac
1179 1230 1297 1304 Nialis
1323 1233 1460 1306 biston'n
1482 1247 1605 1334 prester
1629 1234 1718 1305 alias
1744 1232 1989 1305 acnuatcssime
2009 1258 2055 1306 ιι·

163 1385 280 1487 portet,
317 1395 431 1456 eontm
457 1379 615 1452 Flosium
648 1380 784 1478 qusque
819 1378 928 1449 soccos
961 1376 1004 1448 ob
1042 1374 1231 1449 iacendium
1265 1391 1469 1480 mortemque
1495 1378 1606 1452 Nicia
1636 1381 1773 1478 ejusque
1803 1378 1910 1450 rusori
1931 1373 2056 1481 βὼς.

168 1531 392 1629 ιοιίοιιοοᾳοι
418 1526 539 1599 domui
563 1524 691 1596 illatam
719 1524 867 1595 instituta
894 1523 1176 1622 exceptionesque‚
1206 1523 1324 1623 qeibus
1348 1523 1397 1596 rei
1420 1524 1597 1596 utebantur
1621 1523 1674 1595 ad
1693 1523 1784 1595 banc
1809 1524 1974 1595 acteonnn
1997 1542 2070 1622 eps

168 1676 366 1776 &nonque
397 1670 603 1755 abdendum,
641 1669 866 1770 replicationes
896 1681 927 1740 et
956 1666 1194 1767 duplicationes
1216 1669 1367 1767 partium
1394 1667 1591 1765 Is'tngarstium
1618 1696 1696 1740 cum
1724 1670 1766 1741 iis
1793 1695 1869 1768 (μοι
1896 1668 1933 1740 in
1962 1663 2057 1739 Ca&

172 1814 311 1920 Greigds
331 1819 496 1917 legendus,
525 1815 652 1915 partim
674 1814 709 1885 in
731 1841 772 1886 ea
793 1816 948 1898 sectione,
981 1838 1054 1914 qoae
1082 1813 1123 1885 de
1142 1814 1219 1911 jure
1241 1814 1449 1913 processuali
1473 1815 1543 1913 agit
1569 1793 1934 1910 (Pingskapa-Pattr)
1956 1810 2058 1912 pah

169 1966 206 2038 in
233 1964 309 2049 tta,
343 1989 416 2064 qna
435 1965 498 2063 jus
524 1961 692 2034 crinisale
720 1957 908 2054 (ngslodi)
928 1959 1033 2055 sistit,
1051 1931 1245 2058 'apparebit
1265 1969 1425 2059 qnantum
1447 1957 1529 2030 ordo
1546 1957 1753 2058 judieiomm
1775 1958 1811 2029 in
1835 1957 1949 2030 caeesis
1968 1954 2059 2028 eriri·

170 2108 305 2183 nabbus
324 2109 361 2178 in
381 2107 447 2178 bac
471 2104 593 2179 Codice
610 2107 824 2206 prcescnptus
845 2132 923 2176 cum
945 2131 1000 2190 eo,
1033 2103 1090 2204 qvi
1114 2103 1208 2200 longe
1235 2115 1312 2175 arcte
1338 2101 1438 2202 apud
1454 2100 1612 2174 Islandos
1639 2103 1798 2186 obtinuit,
1831 2101 2059 2187 conveniam

166 2267 328 2356 praterea
354 2251 543 2351 intelligutur
567 2278 662 2336 cum,
694 2252 750 2352 qni
772 2252 850 2324 bisse
875 2250 963 2322 illim
989 2249 1141 2334 occum‘t,
1170 2248 1357 2321 dissensum
1385 2275 1456 2320 non
1479 2249 1528 2320 ita
1552 2275 1717 2346 magicum
1742 2246 1820 2319 inde
1845 2260 1957 2320 ortenn
1969 2244 2060 2347 fiisse

171 2413 209 2475 ut
233 2400 320 2473 tn'cis
346 2396 671 2497 caollationsbusque
684 2396 899 2499 forensibus,
933 2395 1068 2496 quibus,
1102 2407 1140 2468 ut
1166 2423 1249 2468 usus
1276 2393 1448 2478 docuerat,
1482 2420 1581 2465 omne
1600 2395 1663 2491 jus
1688 2392 1815 2493 sapius
1837 2393 1974 2493 pens'tus
1996 2414 2060 2464 estr-
2096 2462 2099 2501 ;

171 2546 315 2631 labatem
352 2543 487 2615 oboram
515 2542 621 2614 betur.
1195 2554 1198 2559 ’
2024 2555 2028 2561 ’

337 2688 398 2762 Ec
425 2689 491 2760 bac
519 2690 767 2788 comparatione
795 2689 953 2762 discinus
980 2716 1121 2761 causam
1148 2688 1322 2762 homicidii
1346 2691 1425 2790 jam
1457 2688 1550 2760 iuteo
1578 2685 1690 2759 Seculi
1709 2674 1849 2776 unit)
1877 2684 1995 2761 eadem
2016 2706 2061 2757 ro·

169 2838 258 2910 snm
278 2835 394 2936 fusse
422 2847 657 2934 preparatam
689 2861 733 2907 αι
762 2834 888 2908 orsu
910 2833 1001 2909 seu
1027 2847 1059 2907 n
1079 2824 1167 2907 13³0.
1232 2834 1322 2908 sam
1349 2847 1422 2906 nm
1450 2831 1616 2933 eumont
1642 2859 1748 2905 caue
1771 2833 1821 2914 ‚as
1850 2815 1961 2907 amm
1986 2854 2062 2928 sn

164 2993 292 3082 pdente
319 2981 384 3054 em
411 2981 504 3078 juris
534 2979 681 3052 eoruulto
713 2994 744 3052 et
769 2981 971 3080 proepotenti
995 2981 1122 3079 sapius
1148 2981 1380 3053 mandabatur
1404 2980 1450 3052 ab
1479 2990 1587 3051 actore
1615 2989 1813 3076 competente
1838 2975 1927 3051 adeo
1955 2988 1992 3051 sd
2011 2972 2062 3057 dc.

169 3129 286 3200 minus
303 3127 380 3199 lites
399 3123 500 3223 finci
515 3113 577 3212 ”).
646 3123 741 3197 Hinc
770 3126 864 3196 ellam
895 3123 1054 3197 mandati
1069 3126 1282 3224 sonnulam,
1321 3154 1386 3227 qna
1414 3123 1545 3197 Miirdo
1575 3122 1626 3194 V
1616 3122 1749 3221 algardi
1766 3120 1846 3220 silio
1878 3135 1951 3195 tota
1977 3144 2062 3195 carm

171 3299 196 3344 a
217 3267 330 3342 Karia
357 3281 389 3341 et
414 3269 609 3365 Tborgebo,
642 3281 680 3338 ut
700 3269 869 3368 proximis
896 3296 914 3340 e
940 3269 1007 3365 lege
1034 3271 1218 3352 actoribus,
1253 3271 1519 3342 committebatur
1544 3267 1677 3340 duobus
1703 3269 1838 3340 tesn'bus
1862 3265 2063 3367 proesnn'tu

172 3415 247 3507 (ncc
273 3441 341 3486 non
369 3413 548 3512 Ιιὸιὶιὶοοοι
575 3410 786 3484 mandatarii
809 3410 1072 3512 responsionem)
1107 3413 1295 3510 leginus
1279 3442 1315 3485 us
1343 3410 1478 3486 Nin'ts-
1486 3411 1524 3485 S.
1556 3441 1595 3513 p.
1623 3412 1699 3488 217
1736 3411 1791 3512 (p.
1817 3410 1897 3489 478
1932 3408 2099 3491 nasoni:

170 3558 315 3650 latices),
354 3585 429 3662 qnoe
459 3558 543 3630 satis
573 3559 655 3630 bene
685 3557 833 3629 convenit
862 3584 939 3628 cum
968 3556 1026 3627 illa
1054 3585 1153 3657 qoam
1183 3560 1407 3657 prascribwst
1433 3539 1576 3652 Pingsk.
1589 3560 1635 3654 P.
1665 3585 1693 3629 c.
1714 3555 1766 3631 [ιθ
1795 3556 1842 3647 (l.
1868 3586 1909 3659 p.
1934 3554 2061 3646 tt8)s
2096 3552 2099 3607 ¹

171 3702 380 3799 Vigslodic.
398 3702 441 3778 bi
465 3701 529 3792 (ΙΙ.
549 3731 589 3804 p.
611 3700 690 3791 80)
747 3701 882 3776 Deinde
902 3729 1019 3774 nonem
1041 3700 1174 3774 accolas
1194 3692 1326 3776 ciebat*
1326 3693 1394 3794 '),
1425 3731 1562 3805 qnorum
1582 3702 1699 3775 saltem
1720 3705 1833 3802 major
1849 3729 1935 3804 pars
1956 3705 1990 3776 in
2006 3699 2060 3773 loeo

250 4053 284 4123 *)
316 4051 457 4111 Eundem
488 4052 627 4111 ordinem
653 4065 778 4112 exeunte
803 4053 910 4111 Secuto
937 4057 1022 4111 1οΜ
1049 4053 1214 4112 obtinuisse
1239 4055 1274 4112 in
1298 4058 1404 4114 causis
1429 4054 1592 4114 homicidii
1616 4075 1654 4112 ex
1678 4052 1783 4113 eadem
1807 4052 1947 4115 historia
1971 4048 2065 4114 Nat·

299 4163 393 4229 patet
422 4155 622 4230 potissimum
651 4172 688 4211 es
719 4173 788 4230 cap.
814 4155 855 4210 74
864 4195 876 4222 ,
911 4155 992 4232 qvod
1020 4154 1057 4212 de
1089 4158 1211 4211 actione
1242 4175 1264 4211 a
1289 4156 1405 4214 Gieure
1429 4155 1512 4215 Albo
1542 4155 1690 4214 adversus
1716 4156 1900 4213 Gunnarem
1932 4173 2013 4212 aneso
2037 4170 2067 4211 es

305 4263 446 4330 computo
473 4254 537 4311 992
562 4254 710 4310 instituta
736 4253 772 4310 ob
798 4253 912 4310 caedem
942 4252 1122 4330 Tisorgeiris
1149 4253 1266 4312 Otkelis
1280 4256 1352 4330 filii
1376 4257 1586 4333 (0.109-111
1615 4275 1691 4312 cers.
1717 4255 1772 4312 lat.
1795 4275 1828 4331 p.
1850 4256 2023 4325 226-2302

232 4402 283 4477 **)
319 4403 396 4461 Tale
414 4401 600 4464 mandatum
619 4405 653 4460 in
671 4402 816 4461 Islandia
835 4403 931 4460 multo
939 4402 1139 4482 frequentius
1154 4416 1222 4461 erat
1238 4424 1332 4484 qvam
1349 4407 1384 4461 in
1400 4408 1506 4482 regnis
1523 4404 1825 4481 septemtrionalibus
1842 4424 1914 4462 cum
1930 4403 1968 4464 ob
1986 4401 2073 4462 mua

304 4507 458 4576 majorem
482 4499 711 4577 difficultatem·
726 4521 827 4559 omnes
853 4501 1052 4560 solennitates
1067 4507 1145 4576 jure
1163 4507 1369 4580 prascriptus
1394 4506 1458 4562 sive
1483 4507 1517 4561 in
1543 4506 1665 4562 actione
1686 4508 1750 4565 sive
1774 4506 1809 4561 in
1829 4503 2007 4580 descensione
2024 4505 2078 4562 rite

300 4601 485 4681 peragenda
511 4600 713 4670 observandi,
748 4623 817 4679 qvoe
841 4602 1035 4677 singularem
1051 4606 1141 4673 juris
1162 4606 1312 4678 peritiam
1336 4603 1574 4673 desiderabant,
1608 4615 1675 4660 tum
1699 4617 1735 4662 ut
1753 4623 1837 4680 pars
1860 4604 2003 4680 litskm
2021 4623 2080 4684 pes·

304 4705 471 4761 trocinium
496 4703 717 4779 viripotentis
741 4712 770 4758 et
791 4700 957 4779 popularis
981 4701 1041 4758 sibi
1064 4702 1252 4761 conciliaret.
1310 4703 1368 4760 Illi
1394 4714 1497 4760 autem
1522 4703 1567 4760 ad
1589 4723 1705 4762 causas
1725 4705 1892 4781 graviores
1912 4706 2081 4785 sussicien-

305 4802 364 4861 das
389 4814 481 4860 erant
505 4821 538 4859 eo
560 4802 761 4877 paratiores,
794 4821 851 4878 qco
877 4803 1030 4872 majorem
1054 4800 1261 4859 celebritatem
1287 4800 1557 4879 adipiscebantur,
1592 4805 1621 4860 si
1645 4806 1746 4860 exitus
1770 4804 1854 4862 votis
1876 4800 2083 4882 responderet,

305 4905 503 4978 quantumuis
521 4903 690 4978 proemium
714 4899 832 4959 laboris
857 4899 919 4958 sibi
941 4900 1093 4976 stipsdari
1118 4920 1180 4957 non
1203 4902 1294 4960 licuit
1300 4922 1314 4973 ,·
1347 4903 1404 4978 osc.
1424 4923 1460 4978 p.
1477 4902 1600 4961 LXIV
1619 4914 1681 4960 not.
1703 4902 1744 4972 *).

213 5044 282 5118 ⁸⁰)
312 5048 364 5105 Ex
387 5049 637 5127 Eyrbyggiass
662 5072 689 5108 c.
707 5054 750 5110 22
771 5072 805 5128 p.
823 5054 887 5107 100
913 5050 1062 5108 ememus
1086 5051 1162 5109 snm
1186 5052 1258 5122 (ns
1272 5051 1375 5124 finem
1399 5052 1502 5110 secun
1527 5040 1624 5121 soni)
1650 5053 1684 5108 se
1709 5056 1816 5112 causis
1840 5051 2012 5117 mansa,-
2026 5062 2087 5132 ju.

305 5149 351 5205 ris
370 5147 478 5223 suissc
501 5168 587 5206 reum
610 5170 719 5209 coram
742 5152 793 5211 nel
815 5151 925 5209 saltem
950 5149 1036 5207 domi
1058 5153 1160 5209 citare
1183 5169 1237 5209 nec
1263 5152 1387 5211 accolas
1408 5155 1499 5229 penes
1523 5151 1676 5213 advocare
1701 5172 1797 5231 qvam
1819 5172 1926 5217 causa
1949 5159 1989 5216 in
2009 5158 2087 5236 som
