4522 5850
868 251 938 276 -
1003 203 1242 296 cxxvm
1307 171 1389 279 -⁴

165 455 316 558 adeoque
339 453 491 554 regulam
519 449 652 528 tntom:
693 450 918 555 'praecaptio
954 474 1025 527 non
1059 453 1160 539 currit
1191 464 1307 528 conta
1342 480 1420 528 eum
1455 454 1512 556 qvi
1543 410 1637 555 ageri
1664 434 1807 559 neqer‘t’5
1827 416 2064 560 produmiiod

164 602 346 703 adoptans.
413 597 509 674 Him
530 600 736 703 pruscnptio
757 598 848 698 juris
874 612 1029 672 retractus
1052 599 1306 673 coneerstsonulis
1333 600 1538 702 impuberem
1565 629 1636 674 non
1663 601 1868 705 impediebat
1874 646 1888 689 ‚-
1921 612 1991 705 “oso
2020 631 2064 678 me

164 776 231 822 nus
260 744 326 821 boe
351 748 415 848 jus
446 759 606 820 exerceret
640 758 671 819 et
702 744 861 819 adversus
882 771 1106 847 possessorem
1135 745 1296 818 acteonem
1324 746 1495 820 intentaret
1520 775 1598 821 eum
1625 749 1833 847 mojorenms
1849 750 1976 855 sactus
2003 775 2064 823 esse

166 892 241 995 (cfr.
269 893 306 968 b.
332 893 430 969 Diss.
454 923 494 993 p.
521 889 719 983 CXXIV).
783 889 982 965 Tn'ennium
1009 891 1096 964 intra
1124 889 1217 992 qvod
1239 893 1326 965 oeteo
1354 891 1396 966 de
1422 892 1553 992 injuriis
1579 893 1766 966 verbalibus
1792 905 1824 967 et
1849 894 2002 968 carmine
2015 897 2064 997 sa

166 1067 263 1114 moso
290 1039 448 1115 adversus
475 1067 568 1113 reum
595 1037 796 1112 besutuenda
823 1049 895 1112 erat
920 1065 944 1110 a
971 1050 1115 1138 tempore
1142 1063 1204 1139 φο
1232 1036 1335 1112 lessus
1361 1065 1403 1112 eo
1429 1039 1638 1140 comperisset
1665 1039 1943 1140 computabatur:
1974 1037 2064 1136 ngsi

167 1213 195 1260 c.
217 1187 293 1260 ’101
325 1201 357 1263 et
381 1183 457 1262 101
487 1184 553 1278 (ΙΙ.
577 1183 667 1260 110.
691 1181 796 1274 116).
866 1184 955 1283 Qein
990 1181 1068 1256 odio
1091 1182 1186 1284 susti
1217 1196 1354 1258 cautum
1390 1195 1461 1257 erat
1493 1196 1531 1257 ut
1562 1186 1596 1258 si
1606 1184 1747 1284 furtum
1773 1183 1923 1258 studiose
1949 1185 2064 1262 celasse

167 1334 254 1406 nebo
277 1360 450 1434 nunqeam
471 1331 737 1432 proscriberetur
755 1327 912 1424 (aldreigi
932 1326 1042 1429 syrois
1066 1325 1170 1429 leynd
1192 1326 1355 1424 piosssc;
1386 1327 1494 1425 Vlgsl.
1523 1358 1552 1403 c.
1576 1328 1652 1405 115
1682 1328 1732 1402 ΙΙ.
1755 1359 1795 1432 p.
1818 1329 1926 1420 190).
1985 1330 2064 1408 Iden

167 1477 210 1552 de
223 1478 324 1580 surto
350 1478 399 1552 rei
420 1478 572 1551 minirnoe
598 1474 734 1551 edicitur
758 1475 789 1568 (
812 1473 837 1565 .)
894 1473 1051 1549 Vetustoe
1076 1475 1161 1575 leges
1188 1473 1385 1574 Nomegieoe
1407 1475 1691 1578 proscriptionem
1719 1476 1756 1548 in
1784 1476 1897 1550 causes
1924 1476 2064 1553 cn‘rrsisu

166 1622 256 1697 libus
289 1650 360 1696 non
393 1636 579 1724 agnoscunt
607 1622 789 1697 secusdum
820 1622 1032 1726 paroemibm
1057 1622 1147 1722 juris
1174 1647 1275 1723 qoam
1302 1621 1369 1695 illa
1395 1623 1481 1724 ipsoe
1508 1621 1592 1721 leges
1617 1619 1780 1695 laudant:
1814 1621 1884 1694 sole
1911 1621 2064 1699 recondit

102 1739 105 1746 .
159 1771 252 1870 jacet
282 1797 390 1844 causo
419 1769 453 1843 si
479 1780 575 1843 actor
604 1768 726 1843 babilis
756 1770 800 1842 sit
830 1767 859 1859 (ι’
886 1765 961 1842 salii
988 1743 1074 1864 liggr
1102 1765 1167 1842 sbk
1194 1765 1234 1843 ei
1256 1763 1449 1863 saekjendur
1477 1764 1583 1863 daga)
1610 1795 1639 1839 e.
1657 1767 1681 1840 l.
1714 1765 1896 1842 Gulensem
1924 1766 2064 1844 Haconi

171 1913 360 1989 Adetstenit
385 1915 455 1988 Kb.
484 1943 513 1989 c.
536 1913 558 1987 5
589 1913 704 2016 (apud
722 1914 893 1988 Petusium
921 1912 952 1987 I.
976 1944 1016 2017 p.
1038 1913 1118 2004 50).

336 2058 578 2134 Dominium
609 2059 728 2134 Codes
755 2074 958 2135 nosternon
987 2061 1055 2134 nisi
1074 2059 1243 2163 plenum
1269 2062 1437 2161 agnoscit,
1465 2061 1500 2135 si
1522 2062 1572 2136 vel
1592 2060 1655 2134 uni
1679 2060 1729 2133 vel
1747 2060 1904 2162 pluribus
1927 2062 1964 2134 in
1984 2057 2064 2136 ¹eon·

169 2208 329 2293 munione
355 2207 536 2282 constitutis
563 2218 737 2308 competat.
794 2206 868 2280 Sed
890 2205 976 2280 illud
998 2207 1150 2308 inprimis
1178 2208 1212 2281 si
1235 2207 1272 2279 in
1286 2205 1415 2309 fundis
1442 2207 1491 2282 vel
1515 2207 1592 2280 abes
1618 2207 1717 2279 rebus
1744 2206 1868 2305 mojori
1888 2209 1995 2309 pretio
2017 2207 2064 2279 ber

169 2352 263 2439 bitis,
293 2382 322 2427 e.
339 2381 367 2428 c.
391 2382 475 2428 naee
495 2354 700 2428 od‘cursum
721 2352 928 2426 maritimum
952 2352 1115 2426 destinato
1138 2349 1323 2451 (hsfscip),
1354 2355 1539 2427 consisteret
1560 2351 1688 2426 diverso
1709 2353 1837 2426 rotrone
1859 2352 2064 2426 limitatum

157 2498 235 2596 suit
260 2526 306 2571 ex
332 2499 401 2599 Iege
428 2501 478 2573 eei
497 2501 618 2601 pactis.
683 2498 771 2574 Non
802 2498 857 2572 bic
887 2497 928 2572 de
958 2499 1087 2574 tributis
1118 2527 1147 2572 e.
1172 2526 1201 2572 c.
1233 2499 1407 2586 comitioli,
1447 2498 1582 2573 decirnis
1613 2498 1673 2590 (es
1700 2500 1858 2572 omnibus
1884 2498 1985 2572 bonis
2007 2497 2064 2571 sol·

171 2643 299 2736 sendr‘s)
327 2632 438 2720 alsisse
465 2647 620 2719 oneribus
654 2644 799 2719 realibus
834 2645 965 2748 loqvor,
1001 2645 1065 2718 sed
1094 2643 1199 2718 modo
1235 2643 1278 2718 de
1312 2645 1518 2719 servitutibus
1553 2644 1655 2718 stricte
1689 2647 1737 2718 sic
1768 2644 1872 2718 dictis.
1938 2642 2064 2717 Seniu-

169 2801 262 2877 tum,
301 2789 385 2882 (itak
414 2819 443 2865 s.
472 2787 620 2886 supbfa)
650 2789 859 2893 proedeorum
894 2792 936 2864 iis
961 2791 1027 2865 sine
1049 2789 1270 2892 gaudentium
1296 2792 1361 2864 sies
1388 2802 1599 2863 onerotomm
1627 2774 1749 2863 mentab
1766 2788 1819 2891 fit
1843 2792 1880 2862 in
1907 2789 1976 2865 Lb.
2004 2788 2064 2864 ci

169 2934 236 3028 (ll.
266 2934 365 3029 013)
396 2950 429 3011 et
457 2938 600 3013 inculcat
626 2965 686 3010 eos
712 2964 828 3011 omnes
854 2939 890 3011 in
917 2950 1086 3011 contractu
1112 2935 1492 3010 emtionis-senditionis
1504 2936 1620 3036 sundi
1643 2949 1795 3010 accurate
1821 2964 1891 3010 esse
1918 2934 2064 3035 defitien-

170 3081 245 3156 dos.
303 3082 360 3158 De
381 3084 606 3184 singularibus
624 3083 829 3157 sern‘tutibus
849 3083 947 3157 eeluti
966 3082 1203 3186 aqeaeductuss
1220 3079 1589 3183 soenesectist'lignandi
1607 3084 1747 3186 aliisque
1767 3083 1844 3157 bine
1864 3081 1945 3157 inde
1965 3082 2064 3157 lexlo

171 3229 278 3325 qestur
301 3229 369 3303 Lh.
398 3258 426 3302 c.
447 3225 512 3303 91.
542 3227 607 3303 06.
641 3226 690 3300 35
722 3227 788 3318 (ΙΙ.
819 3225 911 3302 283.
942 3225 1035 3303 980.
1066 3225 1175 3316 295).

338 3373 497 3473 Regulo,
531 3400 614 3474 qeas
640 3373 727 3445 sistit
755 3368 875 3444 Codex
901 3385 1011 3445 noster
1035 3372 1159 3468 Arfap.
1187 3400 1215 3446 c.
1239 3376 1253 3445 1
1285 3370 1331 3462 (I.
1355 3370 1450 3463 170)
1478 3374 1593 3475 qeoad
1615 3376 1910 3449 successionem
1939 3376 1990 3449 ab
2019 3380 2064 3450 in·

170 3530 332 3595 testato
367 3546 444 3592 cum
479 3520 538 3605 iis,
576 3547 659 3621 qens
692 3518 748 3592 lex
776 3516 964 3617 Noreegica
998 3515 1102 3618 Regis
1136 3518 1295 3591 Haconis
1328 3517 1518 3592 Adelstenii
1551 3520 1685 3593 exbibet
1720 3521 1764 3611 (e.
1796 3522 1867 3594 coll.
1898 3520 2064 3596 Pousiil

175 3664 251 3742 115
281 3664 344 3757 ss.)
351 3721 361 3754 ,
398 3694 443 3741 ex
473 3679 570 3769 porte
604 3664 735 3767 qeidem
767 3665 978 3750 conveniunt,
1014 3663 1077 3737 sed
1104 3691 1174 3736 non
1204 3662 1309 3750 adeo,
1347 3677 1385 3738 ut
1411 3693 1482 3737 uno
1509 3665 1565 3738 lex
1592 3693 1636 3738 ex
1663 3667 1766 3740 altera
1789 3668 1893 3770 petita
1922 3668 2064 3742 erdeatm

174 3810 357 3884 Gmduurn
387 3813 640 3912 proximitatem
676 3837 721 3883 es
756 3810 1001 3910 computatione
1036 3810 1200 3883 cononica
1233 3809 1338 3884 stricte
1366 3811 1510 3912 seqnitur
1534 3813 1589 3884 les
1621 3807 1759 3912 Grn'geis
1787 3809 1844 3901 (id
1866 3814 1960 3915 qood
1982 3844 2064 3887 sum·

171 3983 267 4029 mam
300 3957 524 4057 orttiqeitatem
554 3930 682 4057 prodit)
697 3943 747 4044 ⁴¹),
784 3955 832 4026 ito'
858 3967 971 4071 tamen
999 3966 1038 4028 ui
1062 3956 1099 4028 in
1121 3956 1234 4057 pn'mo
1262 3957 1465 4055 cognationes
1488 3956 1600 4055 gradu
1627 3957 1855 4031 descendentes
1876 3986 1954 4060 prce
1982 3977 2064 4036 coete

171 4104 215 4175 n's
242 4103 294 4177 ad
317 4103 556 4176 successionem
584 4113 671 4174 vocet
697 4113 728 4173 et
754 4100 964 4175 ascendentes
993 4127 1070 4203 proe
1102 4100 1378 4189 commatibus,
1398 4100 1475 4175 deire
1507 4103 1543 4174 in
1569 4102 1634 4175 boc
1660 4114 1692 4176 et
1717 4104 1792 4177 aliis
1813 4105 2064 4205 prom'nuoribu

166 4251 330 4346 graeiibus
360 4247 511 4321 masculo
538 4249 602 4346 jus
632 4247 757 4320 tn'buat
776 4246 975 4346 foeminam
1003 4245 1151 4345 ejusdem
1174 4246 1304 4347 gradus
1329 4273 1485 4321 necnon
1512 4260 1648 4348 optato
1676 4263 1855 4348 copiatum
1882 4279 1906 4324 a
1933 4250 2064 4327 boeredi

248 4538 279 4609 *)
312 4536 369 4593 Ius
384 4535 668 4611 reproesentatiom's
682 4550 715 4588 eo
730 4550 821 4589 sensu
833 4542 868 4588 ut
876 4543 1138 4608 proemortuorum
1149 4545 1318 4611 parentum
1332 4533 1397 4592 loeo
1411 4532 1503 4591 liberi
1515 4535 1583 4609 ipso
1592 4536 1668 4604 jure
1683 4552 1746 4589 una
1761 4553 1831 4591 cum
1847 4535 1923 4594 tleiis
1940 4543 2064 4599 succede

305 4645 372 4693 rent
398 4633 444 4692 ad
467 4632 602 4690 seculum
626 4651 719 4710 usque
743 4629 895 4688 decimum
919 4634 1044 4690 tertium
1068 4635 1103 4691 in
1125 4635 1340 4709 septemtrione
1357 4636 1499 4711 ignotum
1514 4632 1622 4708 fuisse
1643 4632 1831 4692 crediderim.
1883 4637 1941 4694 Jus
1962 4641 2064 4716 quiden

311 4733 521 4813 Uplandr'eum
532 4736 593 4806 jus
613 4731 897 4810 reproesentationis
917 4731 1022 4809 qvood
1039 4744 1160 4811 nepotes
1179 4736 1214 4792 in
1233 4731 1320 4791 linea
1335 4731 1529 4815 descendente
1547 4731 1594 4790 od
1607 4735 1748 4813 quintum
1763 4753 1857 4814 usque
1869 4737 2012 4812 gradum
2029 4762 2064 4800 ne

303 4857 364 4893 non
389 4840 424 4893 in
444 4835 552 4912 primo
578 4831 758 4890 collaterali
782 4829 950 4890 adunittens
973 4831 1062 4892 Arfd.
1079 4831 1109 4892 b.
1127 4831 1172 4908 fl
1192 4832 1246 4892 XI
1260 4844 1291 4889 et
1308 4832 1396 4903 XII,
1417 4845 1535 4910 prester
1561 4819 1631 4890 alio
1656 4832 1799 4911 qvoedam
1825 4835 1975 4894 Svennum
2004 4846 2064 4910 (nor

304 4934 493 5005 Gothorum)
509 4936 611 5010 jura,
636 4931 849 5010 excipiendum
863 4930 974 5010 foret,
999 4931 1088 4992 modo
1113 4931 1187 4990 bene
1211 4943 1369 4990 constaret
1387 4935 1446 5004 jus
1471 4933 1633 5010 antiquum
1658 4932 1824 4992 senioribus
1848 4936 1972 5011 Regum
1999 4943 2063 4999 edic

210 5076 213 5081 ·
303 5040 346 5095 tis
356 5067 358 5075 ·
368 5054 430 5092 non
450 5045 629 5110 corruptum
638 5032 747 5110 fuisse
766 5031 841 5110 (cfr.
858 5030 992 5090 edictum
1009 5032 1109 5110 Regis
1125 5031 1249 5107 Magni
1264 5031 1357 5090 Eriei
1373 5050 1456 5090 anno
1473 5033 1560 5090 1335
1578 5031 1802 5110 Austrogotlris
1819 5034 1946 5106 laturre).
2001 5043 2064 5102 Aa.

304 5138 398 5195 sentit
414 5135 449 5193 C.
464 5136 498 5194 F.
512 5134 669 5192 Nomann
689 5134 724 5190 in
740 5130 834 5191 docto
853 5131 1109 5223 commentatione
1124 5131 1237 5207 inaug.
1254 5129 1293 5189 de
1300 5134 1379 5204 jure
1395 5135 1695 5211 reproesentatsbnis,
1722 5135 1863 5192 Hosnioe
1880 5136 1973 5193 1828.
2002 5142 2030 5196 8.
