4522 5850
920 531 988 551 -
1055 484 1184 574 CXII
1249 532 1317 552 -

164 733 209 824 (c.
234 728 299 806 93.
330 728 419 821 95),
457 730 742 832 conjunctionibus
769 731 897 804 incestis
923 729 967 820 (e.
994 727 1080 820 33),
1117 730 1277 832 beguinioe
1305 729 1349 824 (c.
1375 729 1467 825 39),Ι
1500 733 1676 837 raptuique
1689 736 1931 837 soembianem
1957 736 1994 828 (c.
2010 736 2043 815 99

165 905 193 951 c.
216 875 265 951 38
295 875 348 952 ad
373 875 453 967 39).

338 1084 538 1188 Qeanqeum
572 1112 681 1159 mores
707 1059 922 1159 lslandonaa
956 1110 1025 1156 non
1053 1111 1122 1158 sese
1149 1085 1296 1159 castitate
1323 1085 1513 1160 admodum
1541 1085 1825 1174 commmelarcnt,
1866 1086 1951 1188 leges
1972 1089 2048 1190 jao·

168 1257 232 1333 quc
267 1243 380 1304 tamen
414 1229 499 1302 adeo
535 1258 643 1304 sceera
678 1242 788 1314 erant,
825 1243 863 1302 ut
893 1229 993 1303 ctiam
1020 1230 1137 1302 seaeiis
1159 1256 1273 1331 poena
1301 1231 1415 1305 duri'or
1438 1244 1639 1305 statueretur.
1702 1229 1747 1303 Si
1770 1234 1860 1304 enim
1889 1232 1961 1333 qvis
1983 1231 2050 1331 inge·

168 1403 275 1448 miani
289 1376 486 1477 foeminam
513 1377 646 1450 alterius
667 1377 827 1478 potestati
850 1376 1033 1476 subjectam
1060 1373 1149 1448 clam
1177 1376 1394 1464 oscularetur,
1431 1403 1471 1452 ca
1497 1377 1571 1451 licet
1596 1379 1826 1463 consentiente,
1855 1377 1957 1452 trium
1981 1402 2053 1449 mor-

169 1547 286 1593 carum
320 1522 481 1595 muletam
515 1523 634 1595 soleere
669 1522 854 1609 tenebatur,
891 1521 945 1595 sin
980 1548 1020 1595 cu
1047 1519 1173 1593 nolente
1199 1519 1390 1620 relegatione
1411 1521 1631 1626 plectebatur,
1668 1550 1734 1623 qea
1755 1549 1870 1624 poena
1898 1522 1930 1595 is
1955 1544 2057 1621 sempe

169 1667 397 1766 castigabatur
424 1668 481 1771 qei
504 1695 604 1742 uxori
600 1669 811 1741 '‘ab'eim
777 1695 842 1742 siee
869 1666 1043 1741 colenti
1010 1693 1075 1739 sive
1101 1664 1210 1738 i‘rieitoe
1236 1664 1350 1738 oscula
1378 1664 1518 1754 delent,-
1550 1665 1655 1764 sp.c
1656 1663 1809 1756 .93(Ι
1806 1663 1956 1756 ..337)

337 1878 533 1984 Stuprum
561 1880 587 1978 (’
593 1879 732 1978 ’legord
738 1880 766 1973 ’)
794 1909 871 1958 cion
898 1883 1042 1983 i'ngaiua
1068 1891 1151 1954 certo
1177 1876 1345 1953 dombilio
1371 1892 1477 1954 utente
1502 1878 1540 1973 (i.
1559 1907 1587 1954 e.
1614 1907 1684 1953 non
1710 1907 1798 1981 eaga
1819 1907 1850 1954 s.
1869 1871 2057 1966 circuloteie)

171 2026 389 2099 commissum
412 2029 648 2129 proscriptione
669 2030 890 2129 puniebatur,
917 2027 1047 2122 acteone
1072 2026 1118 2099 ab
1147 2049 1186 2098 eo
1213 2038 1371 2125 cognato,
1400 2027 1535 2126 cuijus
1561 2054 1639 2100 cam
1666 2023 1899 2126 despondeneli
1922 2033 2056 2126 compete·

172 2168 234 2242 bot
259 2171 425 2256 institutas
457 2171 515 2269 sp.
544 2200 572 2248 c.
593 2172 645 2249 93
674 2187 706 2248 et
733 2172 784 2249 95
815 2173 861 2266 (Ι.
894 2171 984 2246 338.
1015 2169 1120 2261 339).
1176 2169 1339 2273 Stuprum
1366 2170 1526 2246 libertina
1553 2171 1684 2244 illatum
1710 2171 1922 2269 relegatione,
1953 2166 2057 2244 orselli

171 2338 272 2389 servu
298 2318 424 2394 mulcta
450 2319 551 2392 trium
576 2347 768 2394 marcarum
795 2321 867 2420 ejus
893 2318 1030 2391 domi'rio
1053 2315 1254 2419 prastando
1276 2316 1489 2418 plectebatur.
1553 2270 1672 2415 Saepri
1697 2342 1775 2388 cum
1788 2314 1954 2414 sounbia
1980 2315 2058 2390 ctu

172 2459 283 2535 lutrae
304 2423 485 2564 perpetrati
508 2464 602 2538 nulla
624 2492 756 2568 poena,
784 2466 916 2539 siccus
937 2462 1168 2564 paternitatem
1197 2458 1401 2561 confiteretur
1425 2474 1457 2536 ct
1482 2473 1672 2561 stupratam
1698 2459 1835 2533 aluisset
1861 2487 1970 2563 usque
1996 2459 2057 2534 aa

169 2619 309 2705 partum
336 2609 440 2682 enixo
465 2622 549 2684 esset
569 2611 815 2712 pristinamque
840 2608 1017 2682 sanitatem
1043 2618 1281 2707 recuperasset3
1309 2605 1368 2702 sp.
1395 2634 1424 2681 c.
1444 2603 1509 2681 95.
1538 2602 1609 2718 96
1620 2604 1666 2696 (Ι.
1695 2601 1785 2680 339.
1816 2602 1924 2697 330).
1981 2604 2058 2680 Ab

173 2753 283 2851 stupri
304 2780 374 2827 riori
400 2756 510 2829 solum
538 2769 651 2830 contra
677 2766 895 2857 stupratorem
923 2751 1007 2825 dum
1033 2753 1069 2825 in
1097 2750 1175 2823 vi’ii‘s
1200 2763 1283 2825 esset
1307 2750 1550 2837 iisutuebatur,
1579 2749 1643 2823 sed
1666 2761 1698 2823 et
1723 2777 1761 2823 eo
1788 2716 1922 2826 mortuo
1948 2752 2059 2827 eunti

162 2893 277 2995 finem
300 2911 339 2972 ut
357 2902 544 3000 potemitas
562 2902 762 3002 probaretur
784 2899 975 3000 mulctaque
997 2897 1207 2982 obtineretur,
1235 2896 1289 2970 sin
1312 2857 1405 2970 actiox
1425 2908 1608 2998 stupratore
1634 2895 1764 2998 qeielem
1789 2899 1858 2970 oieo
1884 2911 2003 3002 coepta
2019 2893 2059 2971 sil

169 3057 250 3142 post
274 3047 346 3145 ejus
372 3059 511 3121 mortem
540 3045 677 3119 demum
704 3045 860 3149 obsoleata
885 3056 980 3131 essct,
1013 3041 1130 3116 omnia
1155 3042 1205 3115 rei
1229 3041 1322 3116 bona
1350 3040 1764 3116 communicarent
1793 3043 1840 3116 ib.
1869 3071 1910 3145 p.
1932 3042 2016 3120 339.

343 3257 510 3331 Foemiua
544 3258 689 3357 ingenua
720 3270 833 3359 stupro
868 3257 945 3356 ipsa
977 3282 1102 3329 ansam
1125 3256 1283 3358 praebens
1308 3253 1361 3327 ad
1384 3253 1546 3328 mulctam
1571 3266 1643 3328 octo
1672 3257 1848 3329 unciarum
1876 3256 2059 3338 condemno

177 3396 294 3485 batur,
333 3429 434 3504 qoam
468 3404 502 3474 si
532 3401 652 3475 soberc
685 3426 755 3473 non
785 3411 914 3502 posset,
952 3410 1045 3472 actor
1076 3411 1263 3501 competens
1293 3396 1417 3498 exigere
1445 3400 1558 3499 potuit
1583 3413 1622 3472 ut
1646 3403 1690 3476 ob
1719 3401 1784 3475 lioc
1808 3401 1910 3502 legale
1938 3402 2059 3478 debitat

177 3546 248 3619 sibi
270 3549 415 3633 seni'ret‚·
451 3545 510 3645 Π).
539 3576 567 3622 c
595 3541 1165 3635 36(I.351)Hoecmulcta
1191 3541 1245 3616 ad
1266 3569 1329 3616 sca
1353 3570 1489 3618 marcus
1516 3549 1608 3620 creei't
1632 3549 1667 3622 si
1690 3574 1768 3621 cum
1794 3549 1940 3621 servituti
1963 3548 2005 3621 ob
2031 3570 2059 3620 ee

178 3691 326 3765 alienum
352 3693 487 3767 addicto
511 3721 580 3766 rem
604 3691 777 3765 habuisset
800 3689 954 3790 optioque
977 3687 1082 3761 simul
1104 3686 1252 3762 elabatur
1274 3687 1380 3760 actori
1399 3689 1532 3766 mulcta
1554 3690 1627 3764 loco
1646 3693 1848 3794 postulandi
1870 3705 1909 3768 ut
1930 3693 1998 3768 sibi
2015 3719 2059 3767 on

180 3833 342 3908 ullaretur
361 3837 408 3908 ib.
432 3864 460 3909 c.
483 3834 533 3910 t8
558 3834 604 3925 (Ι.
631 3832 726 3922 363)
748 3846 779 3907 ct
800 3861 828 3906 c.
850 3831 901 3908 39
927 3833 988 3925 (ib.
1007 3861 1047 3933 p.
1070 3829 1176 3920 368).
1232 3831 1275 3905 Si
1289 3836 1436 3935 peractis
1455 3837 1668 3935 sponsalibus
1690 3866 1818 3941 sponsa
1828 3823 1945 3937 fidem
1967 3838 2059 3913 duan

166 3979 305 4077 fregerit
329 4003 453 4080 sponso
478 3981 562 4052 actio
590 3980 697 4079 stupri
721 3977 878 4051 adversus
904 3987 1122 4078 stupratorem
1150 3978 1372 4078 competebat,
1406 3979 1470 4053 sed
1492 3980 1724 4082 desponsatori
1735 3985 1905 4085 soeminoe
1931 3983 2059 4062 aaut

117 4214 125 4221 ᾖ
173 4125 251 4222 jure
281 4123 456 4224 personali
487 4123 624 4209 eiolato,
663 4124 715 4195 sin
751 4149 896 4224 sponsus
929 4120 1021 4195 illam
1048 4121 1092 4196 ob
1111 4117 1204 4222 fidei
1228 4122 1434 4200 eiolationem
1461 4125 1666 4277 repudiasset
1690 4128 1764 4203 lioec
1791 4129 1877 4205 aceti
1906 4130 1991 4232 ipsi,
2026 4129 2059 4203 ill

180 4269 282 4340 tutori
305 4268 526 4354 tribuebatur:
558 4267 616 4365 sp
646 4293 674 4340 c.
696 4265 796 4360 8(Ι.
826 4264 931 4358 318)

350 4480 598 4556 Sollicitatio
620 4481 855 4582 nuptiarum
872 4481 1062 4580 relegatione
1075 4465 1296 4581 puniebatur,
1323 4467 1570 4558 adulterium
1582 4489 1820 4592 proscriptione
1836 4517 1864 4566 c.
1880 4486 1947 4568 93.
1967 4487 2019 4567 95
2038 4490 2059 4582 (i

188 4625 388 4714 338-330,
418 4626 477 4729 ψ.
494 4653 533 4727 p.
553 4622 659 4715 337).
714 4621 787 4697 Sed
805 4649 882 4697 cum
902 4622 966 4696 boc
986 4622 1101 4697 delicto
1121 4652 1190 4699 non
1211 4624 1321 4699 solum
1341 4627 1482 4701 maii'tus
1501 4629 1565 4702 sed
1583 4644 1615 4704 et
1627 4637 1785 4732 proximi
1803 4640 1938 4739 cognati
1955 4666 1992 4712 sc
2007 4661 2059 4739 ga

183 4777 260 4848 ei‘tce
287 4774 388 4849 lusos
418 4771 657 4858 existinarent,
696 4770 779 4870 leges
801 4778 924 4870 prater
947 4767 1106 4842 malian
1132 4783 1164 4842 et
1183 4770 1278 4870 patri
1301 4781 1332 4844 et
1347 4767 1427 4871 330
1454 4785 1486 4844 et
1497 4775 1607 4873 fratri
1623 4779 1686 4876 jus
1706 4808 1771 4878 per
1795 4780 1922 4856 cadem
1951 4782 2059 4856 adulte

184 4882 273 4993 lianc
300 4921 458 5019 i‘njuriam
485 4914 678 4995 ei'rielicaneli
701 4915 868 5000 tribuunt,·
902 4906 1009 5009 Vigsl.
1038 4938 1066 4985 c.
1090 4909 1133 4986 31
1160 4941 1200 5015 p.
1223 4910 1286 4987 60.
1351 4910 1548 4989 Memoratu
1575 4945 1708 5021 quoque
1735 4925 1876 5025 digama
1903 4940 1953 5000 cst
1981 4941 2059 5001 uto

185 5090 294 5138 ierem
323 5064 521 5139 adamum
553 5061 645 5139 cade
670 5059 832 5135 ei‘ndicare
854 5058 980 5162 possit,
1016 5053 1080 5130 sed
1102 5057 1290 5158 neutigeem
1316 5057 1479 5157 igenuus
1504 5061 1538 5134 si
1561 5064 1718 5137 aneilam
1744 5095 1847 5141 suem
1874 5075 2059 5148 matrimoni

186 5210 254 5286 sibi
278 5211 457 5310 junxisset.
525 5206 570 5282 ln
604 5204 759 5281 amten'i·
792 5202 908 5278 odium
944 5225 1072 5306 qnoque
1107 5211 1267 5276 statutum
1289 5200 1385 5304 suit,
1428 5227 1498 5276 non
1533 5206 1641 5280 solum
1676 5224 1715 5283 ut
1749 5214 1835 5286 actio
1871 5218 1997 5291 marito
2030 5248 2059 5322 p

187 5383 272 5460 regie
293 5356 441 5458 pastae
466 5354 512 5430 ab
541 5355 613 5454 ejus
639 5349 788 5451 cognatis
814 5349 941 5425 institui
959 5357 1077 5449 posset
1101 5341 1165 5418 sed
1189 5369 1315 5445 ovoque
1342 5345 1464 5420 marito
1492 5363 1638 5440 mortum·
1666 5353 1724 5452 sp
1754 5383 1782 5429 c.
1805 5353 1855 5428 36
1885 5357 1916 5431 Ι.
1942 5391 1983 5461 p.
2005 5361 2059 5438 35?
