4522 5850
952 210 1412 422 μεως-’-

553 577 635 666 Vl.
669 574 890 664 Cinnam.

191 725 194 730 ’
315 729 406 813 Um
442 729 612 836 eripit
647 728 890 809 utlendrs
927 758 1125 810 manns.

258 887 356 1020 Ei
353 971 394 1022 ss
418 922 535 1045 ιιιοῘη·
557 942 681 1020 sndsz
711 942 749 1042 ¹)
768 946 832 1045 (ut
853 939 945 1044 her)
973 972 1017 1020 er
1042 947 1187 1052 engici

258 1090 408 1170 lraeuds
423 1091 500 1167 her
518 1120 540 1166 s
556 1087 694 1184 laudi,
724 1091 828 1192 ²)pa
848 1119 871 1174 a
890 1090 1010 1197 selegi
1031 1091 1132 1170 hans
1146 1113 1190 1170 st

259 1256 345 1317 teca
365 1238 433 1316 eri
446 1238 485 1338 ³)
510 1235 572 1340 [ef
584 1236 675 1339 peir
694 1247 818 1342 gdrpo
840 1249 911 1340 pist
932 1237 1073 1344 ieleg,
1083 1258 1125 1316 et
1145 1268 1188 1319 sa

257 1383 365 1489 iagpi
382 1387 440 1461 alt
453 1385 523 1461 sitt
537 1384 576 1460 ie
594 1366 658 1478 til,
680 1413 724 1460 er
739 1396 870 1490 osupg
871 1386 930 1462 ari
952 1415 1037 1480 var,
1057 1395 1129 1488 pst
1144 1415 1189 1464 er

256 1528 369 1608 henn
393 1528 548 1634 haspi
537 1561 549 1606 1
577 1532 705 1635 peirri
729 1530 824 1632 ter).
885 1534 943 1607 En
966 1531 1011 1608 ei
1030 1533 1140 1609 hann
1164 1565 1186 1613 a

1566 570 1748 669 ‘linctus
1781 576 1863 666 VI.

1253 714 1329 807 D'e
1345 727 1729 871 alienigenarum
1756 722 2186 802 successionibus.

1257 876 1433 1015 Cum
1402 939 1619 1071 alienigena
1641 943 1814 1047 cognatis
1837 940 1948 1014 irae
1932 964 1973 1012 in
1999 951 2100 1012 terra
2120 934 2190 1009 de-

1253 1068 1409 1177 stitutus
1440 1088 1501 1165 tric
1534 1092 1718 1177 meritur,
1760 1089 1890 1161 socius
1920 1090 1960 1162 ei
1984 1072 2189 1170 succedat,

1254 1236 1376 1363 niode
1384 1215 1603 1363 secutauni
1623 1239 1835 1355 ineuntium
1847 1237 2077 1355 pauperior,
2106 1256 2189 1303 orn-

1255 1387 1320 1457 nia
1340 1340 1426 1499 erm
1444 1384 1483 1454 in
1492 1340 1612 1489 saeta
1627 1340 1881 1480 expeditione
1903 1378 2041 1455 habuit
2066 1375 2187 1465 bona,

1255 1538 1295 1600 in
1319 1532 1538 1629 societatem
1560 1529 1779 1642 contulerit.
1838 1528 1884 1602 Si
1905 1534 1944 1602 ei
1958 1531 2089 1601 socius
2110 1548 2186 1597 non

193 1716 195 1720 ⁴
257 1675 503 1782 eigrielaga,
528 1680 674 1781 pascal
691 1697 775 1755 taes
795 1678 1183 1757 mautonautrhsns
1242 1677 1392 1776 fuerit,
1430 1676 1697 1788 commensalis
1731 1673 1832 1799 ὂψ
1865 1675 1997 1750 relicta
2032 1674 2185 1770 capiam

258 1826 316 1900 En
351 1823 395 1901 ei
424 1845 708 1902 sneutonautar
742 1824 841 1902 hans
869 1852 938 1901 ero
968 1826 1073 1901 sseiii
1108 1855 1186 1902 enn
1255 1823 1387 1924 quodsi
1395 1821 1526 1921 plures
1540 1821 1716 1896 imbuent
1729 1821 2028 1907 commensales,
2058 1818 2124 1890 lle
2137 1817 2188 1890 ad

257 1969 372 2064 eine,
397 1981 448 2074 Pa
457 1973 541 2048 scal
563 1998 604 2048 sa
626 1990 710 2048 tace
728 2000 771 2048 er
786 1991 900 2079 optaz
914 1970 1019 2049 hefir
1033 1990 1091 2047 att
1107 1990 1188 2048 mat
1253 1995 1385 2044 eorum
1403 1974 1685 2045 successionem
1704 1970 1941 2056 admittatur,
1970 1970 2033 2070 qvi
2051 1970 2184 2065 soepis·

256 2117 327 2220 rip
341 2116 469 2194 henn.
518 2118 703 2224 ⁴)'Scipta
725 2121 832 2217 scole
847 2119 938 2221 peir
958 2127 1050 2220 mep
1067 2145 1130 2196 ser
1149 2117 1193 2195 ei
1254 2121 1454 2203 simaeum
1472 2116 1838 2191 demortuecilmrit.
1888 2117 1934 2189 Si
1952 2140 2055 2189 unus
2075 2119 2183 2189 toties

255 2263 346 2366 peis
368 2252 451 2340 etto
474 2265 570 2340 allir
587 2262 778 2370 jain-opt.
840 2268 898 2341 En
919 2264 964 2341 ei
984 2256 1188 2369 hann'var
1254 2290 1302 2339 ac
1316 2263 1415 2337 alter
1429 2289 1564 2338 eccum
1582 2258 1803 2340 conrii-atus
1814 2264 1954 2362 fuerit,
1979 2263 2183 2337 tereremus

255 2436 319 2486 ser
337 2411 432 2487 einn
455 2412 467 2486 i
489 2412 756 2515 mautoneyti,
786 2421 837 2514 pit
861 2413 947 2488 scal
964 2410 1048 2488 teca
1072 2414 1189 2516 styri·
1255 2413 1356 2485 inter
1375 2434 1441 2487 eos
1462 2416 1608 2511 pariter
1624 2412 1824 2485 dividatur.
1888 2412 1933 2486 Si
1954 2412 2062 2485 solus
2079 2436 2182 2484 sem-

255 2565 386 2660 mspt.
432 2560 496 2634 Nu
518 2585 586 2632 ero
605 2558 828 2661 styrimenn
851 2556 966 2664 ileyri
988 2586 1067 2633 enn
1088 2560 1184 2634 sinn
1251 2583 1323 2655 per
1341 2556 1503 2650 cibavit,
1535 2550 1742 2632 nauclerus
1764 2567 1801 2633 ei
1819 2528 2027 2641 succedat,·
2056 2557 2185 2658 quodsi

254 2711 304 2805 ps
326 2703 416 2810 eigo
435 2702 526 2808 peir
547 2732 612 2780 sva
638 2722 679 2780 at
703 2724 807 2800 teca,
837 2734 920 2811 sem
942 2682 1034 2807 peir
1057 2706 1147 2811 eigo
1172 2690 1189 2781 i'
1250 2704 1408 2805 plures
1407 2706 1582 2780 naucleri
1590 2707 1746 2810 fuerint
1757 2760 1773 2795 ,
1795 2733 1877 2805 pro
1905 2723 1989 2778 rata
2015 2708 2182 2808 cujusvis

254 2849 354 2955 scipi
380 2850 677 2952 ti1.⁵)Enef
697 2851 800 2926 binn
824 2851 972 2953 andald
995 2853 1066 2929 atti
1090 2853 1184 2928 einn
1251 2867 1359 2950 parte
1373 2854 1936 2955 narisqrisqreeerumiroered'
1923 2850 2185 2946 rtatidefuncti

254 2996 339 3101 scip
366 3023 413 3072 oc
442 2997 550 3103 cingi
570 2964 704 3102 selega
729 3026 781 3073 ne
805 3015 1060 3091 mantonaut,
1091 3007 1185 3102 Pas
1253 2999 1489 3072 admittatur.
1520 3000 1567 3074 Si
1581 3001 1633 3074 ad
1649 3001 1871 3097 defunctum
1891 2997 2015 3072 selum
2033 3016 2076 3072 et
2091 3002 2183 3074 socii

255 3143 348 3245 golii
369 3171 411 3221 sa
426 3165 471 3220 'er
490 3172 528 3220 sa
546 3155 661 3247 mepr
677 3173 721 3220 er
737 3175 748 3219 ι
739 3145 879 3248 pingi
897 3155 1007 3247 mep,
1033 3145 1187 3221 erlend
1253 3160 1294 3218 et
1318 3172 1537 3245 cammensa
1541 3147 1587 3220 lis
1609 3163 1808 3248 expertem
1838 3148 2046 3220 dominium
2078 3152 2182 3219 naris

252 3298 323 3392 pat
341 3319 381 3383 s,
408 3319 451 3366 er
468 3294 559 3393 peir
576 3292 696 3367 tialda
719 3284 841 3391 bup'ir
856 3320 893 3366 a.
945 3295 1003 3366 En
1020 3290 1064 3364 es
1074 3289 1185 3366 hann
1250 3297 1456 3390 pertineat,
1476 3294 1597 3385 (iona
1610 3299 1694 3398 ejus
1711 3296 1860 3385 relicta)
1877 3309 2022 3392 praetor
2038 3301 2180 3393 capiat,

255 3453 339 3510 teor
362 3463 426 3512 ser
451 3437 528 3513 vist
552 3465 597 3512 oc
623 3438 746 3514 andan
772 3435 881 3512 hann
906 3467 926 3511 a
955 3438 1119 3540 gittonni
1143 3465 1186 3513 cr
1251 3445 1363 3542 cujus
1399 3444 1543 3513 curiam
1579 3444 1749 3541 sequitur
1778 3441 1961 3534 colonus,
2005 3442 2182 3516 ilonnnus

253 3579 364 3657 hsnn
382 3581 465 3658 ferr
485 3583 543 3659 sra
561 3584 679 3688 scipi,
704 3595 754 3686 pa
775 3585 853 3660 scal
871 3592 941 3685 pat
960 3581 1078 3693 sesva
1100 3582 1185 3659 sara
1239 3586 1378 3686 fundi,
1398 3590 1436 3657 in
1452 3611 1522 3687 qvo
1538 3592 1698 3659 tentoria
1703 3587 1852 3681 fixere.
1894 3588 1940 3660 Si
1951 3588 2182 3692 (alienigena

253 3753 336 3802 sem
352 3726 464 3802 hann
481 3730 596 3804 andiz
612 3748 652 3806 at
668 3729 766 3834 scipi
785 3757 827 3803 cr
843 3729 953 3804 hann
974 3726 1087 3830 haspi
1110 3749 1182 3805 att.
1252 3734 1327 3805 line
1353 3732 1523 3824 delatus)
1545 3734 1597 3805 ad
1618 3737 1854 3806 mansionem
1878 3735 2138 3830 (stipulatam)
2159 3766 2181 3810 a

255 3874 313 3948 En
335 3873 379 3947 ef
394 3858 506 3949 haim
529 3876 643 3950 ktmr
664 3875 675 3949 i
698 3877 843 3951 vistina
864 3901 910 3950 oc
931 3873 1053 3951 andaz
1073 3864 1191 3949 hann'

252 4027 342 4119 par,
361 4028 410 4120 pa
429 4050 449 4094 a
467 4019 586 4122 selegi
603 4018 733 4095 hauns
748 4030 817 4122 pat
832 4020 871 4096 se
886 4040 927 4096 at
943 4040 1046 4113 teca,
1066 4051 1183 4098 neme

252 4165 342 4267 peis
357 4163 439 4240 hafi
457 4164 500 4239 til
518 4174 604 4266 pess
620 4174 708 4270 giirt
718 4165 872 4269 selegit,
890 4169 1184 4270 stapsirmenn

252 4312 389 4418 scyldo
419 4311 497 4415 eigi
532 4312 714 4390 taenari
738 4315 844 4419 eptir
870 4323 947 4418 pa,
983 4343 1030 4409 ec
1061 4343 1104 4390 er
1131 4326 1182 4417 lm

252 4483 334 4533 sem
352 4457 442 4560 peis
462 4457 544 4533 hafi
564 4461 653 4534 ecki
675 4463 907 4537 uni-maelt.
967 4464 1023 4537 En
1046 4460 1090 4538 es
1102 4462 1181 4564 eigi

306 4755 335 4847 1)
361 4768 393 4824 B
408 4787 478 4824 cum
492 4772 556 4826 suit
576 4773 710 4828 omittit:
734 4779 770 4829 ut
781 4768 846 4831 her.

304 4855 335 4946 ²)
359 4867 392 4924 B
407 4888 477 4925 curn
494 4868 645 4927 snisbene
663 4871 773 4929 addit:
800 4870 941 4931 ocsndaz
955 4880 985 4931 at
999 4872 1076 4953 scipi
1090 4884 1120 4930 et
1139 4872 1185 4930 ad

353 4970 463 5026 navim
477 4973 556 5046 (qua
571 4968 633 5026 huc
649 4970 772 5029 delatus
786 4976 848 5041 est)
862 4975 1001 5030 meritur.

307 5052 336 5146 ³)
359 5066 819 5158 Bcumsuisomittit:ei1)eir
831 5067 1003 5160 gdrpo-i
1015 5066 1114 5159 peirri
1124 5072 1182 5133 fo'r.

303 5152 336 5247 4)
361 5168 394 5224 Β
418 5187 488 5224 curn
512 5171 577 5226 suis
601 5171 697 5245 legit:
729 5191 768 5230 cn
792 5173 828 5231 ef
849 5169 929 5232 hann
952 5166 1066 5259 hdspiz
1091 5173 1181 5250 minc,

354 5261 398 5356 1²²
419 5268 502 5327 scolo
526 5261 598 5354 peis
615 5270 683 5329 ailir
702 5270 779 5350 jamt
796 5279 869 5330 taes.
913 5272 962 5334 Eu
980 5274 1015 5333 ei
1027 5271 1107 5334 herm
1127 5277 1181 5333 &e

1254 3904 1349 3951 nare
1364 3878 1541 3966 tendens,
1562 3884 1599 3950 in
1617 3886 1674 3951 ria
1689 3880 1736 3952 de
1752 3885 1825 3951 rita
1840 3882 2061 3970 decesserit,
2083 3882 2181 3957 borsa

1252 4031 1336 4128 ejus
1358 4025 1491 4099 relicta
1515 4029 1568 4098 ita
1587 4025 1803 4100 habeantur
1818 4032 1901 4100 acsi
1918 4028 1969 4099 ad
1991 4037 2178 4128 propriam

1251 4176 1377 4244 narim'
1394 4180 1610 4270 supremum
1631 4174 1727 4246 diem
1748 4171 1916 4246 obiisset.
1975 4177 2021 4247 Si
2036 4176 2180 4251 demor-

1251 4332 1340 4390 tuus
1354 4323 1404 4389 sit
1419 4333 1613 4419 postquam
1629 4321 1886 4418 (stipulatam)
1904 4321 1997 4392 adiit
2015 4329 2180 4397 menste-

1250 4490 1364 4551 nem,
1394 4469 1524 4538 socius
1550 4468 1588 4538 ei
1610 4467 1815 4552 succedat,
1846 4470 1922 4538 nisi
1946 4469 2114 4562 (dolose)
2136 4497 2180 4544 eo

1304 4762 1333 4853 ς)
1360 4773 1392 4831 Β
1405 4793 1476 4830 cum
1491 4773 1556 4830 suis
1571 4771 1654 4829 male
1672 4750 1768 4848 legit:
1791 4774 1836 4834 Εἰ
1850 4770 2019 4862 styrimapr
2032 4792 2068 4836 cr
2081 4778 2152 4837 cinn
2169 4778 2179 4835 i

1350 4878 1537 4951 metoneyte,
1561 4892 1597 4930 oc
1612 4893 1629 4929 a
1642 4872 1712 4930 citur
1728 4875 1791 4951 scip
1810 4869 1851 4960 pa
1868 4896 1884 4933 a
1900 4870 1976 4962 3⁰l'i
1993 4882 2046 4936 &c
2092 4877 2181 4957 Quod

1350 4976 1379 5032 si
1398 4973 1565 5030 nauclerus
1582 4975 1817 5031 commensalem
1835 4995 1897 5032 non
1917 4975 2046 5034 liaberet
2053 5020 2065 5047 ,
2090 4976 2182 5035 etad

1352 5093 1421 5131 eum
1430 5074 1528 5132 soum
1538 5075 1631 5130 navis
1643 5073 1801 5131 dominnm
1807 5078 1988 5151 pertineret,
2003 5090 2071 5137 tum
2081 5077 2179 5151 (bona

1347 5177 1417 5250 ejus
1432 5173 1560 5243 relicta)
1578 5172 1624 5231 ad
1633 5185 1802 5251 proetorem
1816 5180 1871 5232 &a
