4522 5850
1074 206 1571 363 *950ss

296 520 382 599 'sins
400 514 628 623 seuidingia
648 512 772 594 hverr
785 510 827 592 at
840 512 1006 610 hrerfa3
1028 522 1105 620 per
1123 516 1230 594 kalis

285 690 423 745 -safenn
444 679 706 768 omega-mot.

350 811 362 869 ¹-
420 808 1232 916 ¹)[Efm01nseeretreitasciptin'gsr
1303 854 1306 861 ·

301 967 493 1065 omiignm
516 942 749 1059 sinom'eln·
771 957 877 1064 sript
898 982 940 1034 se
948 1010 963 1052 ,
995 964 1047 1060 1³⁸
1072 987 1094 1036 ι
1119 953 1231 1034 hona

301 1112 373 1211 pet
390 1105 471 1212 eigi
491 1121 534 1183 at
551 1104 647 1181 telin
667 1103 681 1179 i
699 1105 892 1210 sciptum.

309 1458 312 1463 -
356 1430 359 1435 ·
416 1398 469 1476 Ei
485 1348 630 1502 erfingi
652 1422 841 1500 omagons
859 1395 966 1473 hefir
983 1367 1063 1500 eigi
1083 1394 1163 1501 hag
1182 1396 1231 1473 til

301 1534 547 1638 fremiiirs'lo,
570 1552 622 1646 po
639 1543 719 1620 scol
736 1569 777 1619 sa
795 1543 925 1648 leggia
943 1544 989 1619 til
1006 1541 1052 1618 uf
1063 1543 1231 1619 verium

300 1693 431 1770 sinom
450 1694 510 1768 alt
525 1699 596 1794 pat
614 1718 659 1766 er
677 1691 779 1767 bunr
799 1672 911 1791 sirpe
923 1744 937 1783 ,
969 1706 1011 1766 et
1029 1684 1139 1766 hann
1163 1719 1231 1767 mo

303 1841 426 1943 mipln
448 1838 626 1916 unifrem
644 1865 715 1913 um
735 1837 921 1939 klaepnap
939 1837 1066 1937 sinn].

414 2277 501 2378 Etgi
516 2277 598 2353 scel
614 2276 725 2351 inom
742 2302 848 2352 samo
864 2275 1004 2352 manni
1021 2275 1107 2353 fiira
1123 2277 1232 2354 sseiri

302 2450 439 2526 omega
466 2450 544 2498 eun
571 2424 668 2500 einn
689 2424 818 2501 amitti
840 2424 880 2522 ²)
899 2424 1061 2528 aspingn
1084 2429 1117 2501 11
1139 2433 1232 2527 mep

228 2599 240 2606 ‘
302 2571 370 2670 eip
391 2597 437 2644 or
460 2570 596 2649 einom
615 2572 852 2648 ime-runai.
900 2574 957 2647 Eu
979 2571 1022 2645 ef
1039 2572 1144 2647 sseiri
1166 2600 1234 2649 ero

301 2717 532 2818 omegasnir
553 2745 600 2794 or
623 2718 755 2795 cinon)
780 2719 997 2793 kae-rnnni
1019 2745 1097 2793 eun
1118 2719 1232 2812 einn,

300 2872 349 2964 pa
374 2865 453 2938 scal
479 2863 519 2962 3)
536 2864 684 2968 [baon]
710 2864 794 2939 foro
819 2873 869 2966 pa
893 2866 948 2965 (a)
973 2862 1104 2943 bendr
1123 2867 1232 2967 peim

300 3016 518 3104 mbnnom,
549 3039 594 3087 er
617 3011 755 3089 firneri
782 3037 867 3087 ero.
937 3012 994 3086 En
1020 3008 1131 3085 honn
1153 3012 1233 3087 scel

299 3154 384 3231 stira
411 3157 457 3231 ai
476 3156 599 3233 hendi
625 3175 667 3234 ot
689 3156 817 3249 domi,
847 3183 894 3232 oc
919 3155 1075 3232 heimte
1099 3154 1235 3263 fulgor

299 3319 341 3378 nt
358 3304 467 3403 Peim
491 3330 536 3379 er
554 3303 657 3378 from
679 3332 699 3379 a
720 3321 761 3377 at
779 3301 865 3378 fora
885 3329 1069 3405 omagan.
1168 3396 1170 3401 Ι

412 3894 465 3971 Et
498 3903 613 3996 mein
650 3892 752 3967 foris
791 3890 895 3967 fram
934 3919 1080 3970 ennars
1118 3925 1232 3972 menz

300 4067 463 4144 omega,
496 4069 543 4117 oc
563 4066 635 4116 vex
655 4039 798 4114 hinom
816 4039 940 4143 Ἤρ]
963 4071 1006 4116 er
1024 4042 1128 4117 fram
1147 4046 1230 4119 aetti

300 4205 341 4263 at
360 4186 444 4263 fora
465 4198 574 4289 {saun
595 4213 751 4289 omega,
770 4197 822 4288 pa
842 4188 923 4263 soal
947 4188 1057 4263 hann
1077 4188 1231 4268 heimtu

299 4331 434 4437 fulgor
458 4351 499 4409 at
522 4332 697 4427 hanam,
731 4333 855 4407 slikar
880 4359 961 4409 sem
990 4333 1101 4411 hann
1126 4332 1233 4414 h'efir

299 4479 403 4586 fyrir
423 4479 533 4556 hana
554 4482 715 4591 legpar,
746 4482 1037 4556 ovaxtalouser.

412 4770 465 4848 Et
476 4799 614 4877 omega
631 4799 705 4849 vex
721 4770 761 4848 fe
778 4780 852 4872 eps
871 4771 965 4847 bers·
980 4773 1105 4849 undis·
1119 4772 1232 4849 hnnn

352 5025 383 5115 1)
409 5037 486 5112 Qvoe
502 5040 589 5093 runcis
604 5047 745 5094 tenentur
759 5038 790 5094 B
804 5057 875 5094 curn
889 5040 955 5095 stris
969 5040 1093 5096 omittit.

351 5123 382 5215 ²)
410 5135 441 5192 B
455 5154 524 5191 curn
538 5137 603 5191 suis
617 5136 711 5212 legit:
732 5131 838 5222 pinge,
857 5140 906 5194 ita
922 5149 957 5194 ut
970 5138 1006 5196 de
1020 5141 1159 5213 cujusvis
1169 5158 1228 5214 ge-

402 5237 485 5291 neris
499 5237 634 5292 comitiis
648 5236 752 5294 valere
763 5240 872 5314 possit,

1296 498 1443 594 saiium
1457 533 1571 595 suum
1587 516 1856 622 tranferatur·
1884 515 1981 593 nn
1992 540 2115 594 casus
2126 519 2236 597 alen·

1219 682 1222 687 '
1296 662 1432 739 dorum
1448 686 1637 757 occursus
1653 664 1809 741 dicitur.

1409 810 1456 886 Si
1489 809 1761 887 distributione
1797 811 2032 886 alendorum
2059 814 2234 890 nondum

1297 973 1503 1059 suscepta,
1536 956 1612 1031 sibi
1636 957 1856 1033 dividendos
1883 959 2018 1062 aliquis
2043 961 2152 1039 alere
2179 966 2237 1035 in·

1297 1110 1456 1207 ceperit,
1484 1092 1526 1181 iri
1544 1108 1585 1178 in
1604 1120 1751 1205 partem
1774 1106 1868 1180 eicis
1888 1110 2036 1183 sortitas
2057 1132 2110 1184 ne
2130 1134 2235 1185 cam·

1244 1314 1253 1321 .
1295 1266 1419 1352 putet.
1520 1248 1522 1252 ⁴

1410 1398 1457 1473 bi
1468 1392 1605 1474 'bibres
1629 1398 1763 1474 alendi
1783 1423 1873 1474 eum
1902 1403 2151 1476 sustentandi
2163 1405 2235 1513 sa·

1296 1545 1444 1622 cultate
1461 1571 1539 1621 non
1555 1545 1739 1649 gaudeat,
1759 1571 1783 1621 e
1801 1553 2038 1646 manupretio
2056 1573 2131 1623 suo
2152 1565 2234 1623 tan·

1299 1706 1378 1768 tum
1419 1694 1488 1787 (in
1526 1697 1612 1797 ejus
1650 1696 1997 1788 sustentationem)
2037 1696 2240 1798 emiserat,

1298 1855 1480 1942 qnantum
1503 1841 1633 1915 eoiani
1651 1866 1739 1915 eum
1748 1893 1764 1928 ,
1796 1857 1839 1915 ut
1857 1848 2080 1916 vestimenta
2103 1857 2232 1920 tannen

1297 1988 1336 2063 ei
1353 1991 1572 2062 necessarie
1589 1989 1800 2086 supersint,
1820 2002 2008 2086 praestare
2022 2012 2143 2088 posse
2159 2010 2233 2065 ωε·

1299 2137 1450 2208 timent.
2212 2134 2215 2139 ’

1411 2279 1552 2354 Plures
1569 2305 1679 2382 pram
1700 2303 1823 2367 unus,
1853 2305 1909 2354 ex
1926 2279 2059 2355 eadem
2069 2280 2230 2385 familia

1300 2427 1510 2514 oriundus,
1539 2427 1726 2515 alendus,
1757 2441 1922 2526 ternpore
1943 2427 2096 2502 duobus
2113 2437 2231 2505 eomi-

1302 2578 1364 2648 tiis
1391 2572 1636 2676 generalibus
1670 2579 1868 2679 interjecto
1876 2627 1892 2662 ,
1937 2581 2007 2646 uni
2038 2566 2232 2680 eidemin

1300 2721 1460 2808 bomini,
1478 2721 1732 2825 jurejurando
1751 2747 1801 2793 ne
1821 2722 2056 2825 deserantur.
2108 2723 2234 2827 Qvod·

1301 2872 1337 2942 si
1362 2893 1438 2941 uno
1462 2867 1593 2965 plures
1601 2920 1618 2955 ,
1647 2893 1702 2940 ex
1728 2868 1859 2941 eadem
1874 2867 2033 2972 fartilia
2059 2874 2232 2961 oriundi,

1301 3014 1433 3090 alendi
1465 3014 1683 3116 adfuerint,
1723 3015 1776 3087 ad
1808 3022 2109 3116 consangvinros
2143 3048 2233 3121 gra-

1300 3161 1418 3234 duum
1444 3166 1684 3235 remotiorum
1711 3161 1992 3257 transferantur
1996 3190 2014 3245 ,·
2047 3169 2234 3267 acqrisita

1300 3333 1387 3382 rero
1405 3306 1582 3410 judicum
1605 3309 1797 3382 sententia
1819 3312 1903 3398 (eos
1931 3315 2084 3399 tenens)
2110 3328 2234 3386 trans·

1284 3455 1415 3559 serat,
1434 3459 1722 3528 sustentationis
1738 3461 1899 3553 pretium
1918 3454 1967 3528 ab
1985 3481 2030 3529 eo
2049 3462 2232 3560 exigem,

1296 3608 1363 3675 cui
1383 3602 1563 3676 alendum
1592 3603 1836 3675 sustentandi
1856 3601 2035 3705 obligatio
2054 3608 2150 3705 jure
2174 3611 2234 3678 in-

1298 3748 1456 3822 cumbit.

1410 3897 1536 3997 Siqvis
1559 3894 1716 3968 ulterius
1741 3894 1921 3968 olendum
1945 3906 2233 3989 sustentaverit,

1299 4044 1401 4116 bunc
1426 4068 1513 4116 νει-ο
1537 4007 1640 4115 alere
1665 4040 1829 4143 obligato
1857 4067 1918 4116 res
1928 4044 2145 4144 familiaris
2169 4050 2236 4120 ad·

1298 4204 1509 4289 augeatur,
1543 4190 1606 4263 ilie
1632 4193 1797 4287 pretium
1826 4195 2119 4264 sustentationis
2149 4209 2233 4268 tan·

1300 4351 1378 4410 turn
1407 4335 1458 4410 ab
1482 4336 1605 4411 altero
1631 4351 1825 4436 reposcat,
1858 4344 2104 4438 quantumin
2127 4341 2235 4416 alen·

1297 4483 1389 4557 dum
1404 4484 1638 4571 contulerat,
1663 4499 1831 4585 qroestus
1849 4500 1975 4559 tamen
1992 4488 2140 4560 ratione
2155 4513 2232 4561 non

1297 4629 1443 4705 habita.

1411 4778 1456 4850 Si
1489 4777 1628 4851 alendo
1660 4800 1779 4876 opes,
1822 4781 1882 4853 rel
1914 4782 2148 4855 increverint
2179 4782 2235 4857 rei

1352 5025 1380 5119 ³)
1406 5041 1439 5099 B
1460 5060 1530 5098 cunr
1552 5044 1617 5099 suis·
1639 5043 1774 5099 omittit:
1800 5038 1897 5119 henn,
1923 5062 1980 5121 qno
1997 5047 2175 5121 propositio
2187 5042 2232 5118 fit

1399 5140 1573 5214 itulrfinita.

1348 5226 1380 5322 ⁴)
1403 5241 1436 5298 B
1451 5245 1599 5299 eumenis
1617 5243 1700 5299 mole
1716 5244 1850 5300 omittit:
1877 5241 1917 5301 fe.
