4522 5850
870 297 1267 388 -CXv-

150 548 377 637 nutabantur,
407 577 477 623 non
496 549 636 651 plenam
658 576 728 651 qus
744 545 988 651 possessionem
1010 547 1286 620 nanciscebontur
1306 559 1384 619 onte
1408 574 1509 649 qoam
1534 533 1713 623 dinidium
1732 551 1834 654 pretii
1850 555 2025 655 prostitis-

150 708 190 767 nt.
257 695 362 770 Ritus
388 724 413 768 a
435 710 534 798 parte
559 695 818 770 manumisson's
844 691 1066 767 observandos
1096 689 1214 764 Codex
1241 719 1310 765 non
1327 693 1536 793 proscribit,
1572 695 1636 769 sed
1664 696 1769 770 modo
1804 699 1913 772 mouet
1945 728 2026 774 mo-

150 853 284 913 strotum
313 841 441 933 (Godi)
468 857 563 916 extro
578 843 702 944 sorum
730 870 800 915 esse
827 837 1023 915 adeundum
1051 850 1090 910 ut
1111 838 1361 910 manumissum
1389 841 1471 911 ieter
1494 841 1576 913 cives
1602 857 1729 945 cooptet
1745 846 1941 945 juramento
1964 872 2028 947 per

150 1014 240 1058 uenn
258 989 424 1087 prastias
452 1017 488 1061 se
504 989 587 1088 leges
595 991 745 1091 juraque
762 988 899 1061 civetatis
915 996 1028 1058 sancte
1044 994 1246 1056 servaturum
1264 997 1325 1057 out
1340 985 1377 1056 in
1384 986 1471 1084 soro
1490 989 1789 1062 manumissionem
1802 990 2026 1092 proclaman-

150 1132 207 1204 ’σπι
264 1131 386 1205 Medio
412 1146 558 1233 tempore
583 1147 673 1206 statu
700 1131 1072 1206 b'bensRomonontm
1095 1127 1328 1230 oeqeiporondi
1348 1126 1618 1232 '’grefleysingr”
1643 1133 1680 1226 (i.
1700 1162 1728 1208 e.
1750 1164 1775 1208 a
1796 1135 1904 1237 ibone
1926 1165 1954 1211 s.
1977 1139 2024 1212 ab

150 1278 222 1378 nors
253 1267 473 1369 servilibus')
506 1279 613 1368 Iiben')
649 1280 862 1364 debebantum
901 1275 959 1373 sp.
996 1301 1025 1349 c.
1050 1272 1102 1350 43
1139 1273 1169 1347 Ι.
1201 1303 1241 1374 p.
1267 1271 1358 1350 357.
1395 1270 1485 1349 358.
1550 1277 1791 1354 Monumissor
1823 1285 2029 1356 monwnsssi

150 1434 274 1495 monus
300 1423 375 1524 iaso
395 1424 474 1522 jure
488 1420 604 1523 fiebat
621 1427 770 1526 juraque
797 1426 860 1496 sot‘
873 1423 1011 1523 pmgvio
1038 1421 1224 1507 exercebat·
1252 1422 1397 1524 ieterque
1420 1449 1465 1508 eo
1483 1423 1546 1523 jus
1571 1424 1617 1497 ob
1645 1425 1796 1499 intestato
1818 1427 2023 1515 succedendi

150 1567 339 1641 ibbotinus
365 1569 475 1641 nullos
494 1567 594 1669 filios
617 1569 752 1670 filiusve
778 1569 968 1671 reliquisset,
1006 1567 1083 1669 orit
1110 1567 1200 1640 etsi
1223 1568 1318 1641 liberi
1340 1569 1449 1642 liberti
1471 1570 1543 1643 sine
1565 1571 1659 1672 prole
1685 1560 1924 1661 decessissent,⁴
1947 1587 2026 1648 ton-

150 1739 191 1784 an
217 1712 268 1785 od
289 1726 476 1816 patronum
504 1714 732 1790 devolvebatur
756 1727 917 1818 qeontum
943 1711 998 1786 ad
1020 1739 1077 1786 eos
1102 1740 1147 1785 ex
1174 1711 1363 1785 bareditote
1384 1716 1495 1815 patris
1521 1716 1674 1790 motn'see
1699 1720 1921 1794 manumissa
1941 1748 2025 1823 per-

150 1857 265 1944 misset5
299 1859 368 1953 ΑΙ).
398 1888 426 1933 e.
448 1858 471 1931 5
503 1859 548 1951 (Ι.
572 1891 612 1962 p.
637 1859 726 1936 184.
753 1859 849 1951 185)
862 1848 924 1950 ”).
986 1856 1118 1933 Liberti
1129 1871 1329 1960 pronepotes
1340 1860 1426 1960 juro
1445 1860 1582 1935 &muru
1600 1864 1817 1964 irgmuorum
1836 1867 1937 1939 etrum
1959 1867 2026 1942 boc
2045 1965 2064 2004 ⁸

150 2003 240 2076 otone
266 2006 486 2106 acquirebant.
544 2005 607 2080 Ab
636 2008 740 2080 altero
767 2019 880 2079 autem
902 2017 1000 2107 porte
1022 2018 1189 2107 patronus
1215 2006 1350 2107 dasque
1376 2006 1524 2081 baredes
1547 2008 1698 2082 libertum
1724 2009 1895 2111 defendere
1921 2024 1953 2085 et
1977 2013 2029 2086 nd
2199 1992 2205 2006 ⁴

150 2146 234 2221 botos
257 2147 428 2224 redactum
454 2165 635 2226 sustentare
661 2154 850 2238 tenebaturc
878 2154 952 2249 ΟΡ.
980 2179 1009 2226 c.
1034 2152 1075 2226 11
1103 2164 1134 2224 et
1155 2151 1200 2227 17
1234 2150 1278 2244 (Ι.
1308 2149 1402 2227 865.
1429 2153 1546 2245 870);
1578 2151 1686 2250 Viget.
1714 2181 1743 2228 c.
1767 2153 1818 2228 36
1848 2155 1914 2248 (ΙΙ.
1944 2157 2024 2250 70).

150 2281 317 2398 Quanquam
344 2297 489 2370 libertini
514 2299 597 2372 eines
623 2295 840 2398 fffieerentur,
869 2326 938 2370 non
965 2311 1079 2372 tomen
1105 2298 1207 2371 tantis
1222 2298 1363 2390 juribus
1387 2325 1430 2372 ae
1452 2299 1515 2372 ulii
1533 2299 1617 2373 eires
1637 2301 1751 2402 quoad
1766 2301 2025 2402 sotiyoetmnsm

150 2437 337 2516 »blascones
362 2443 431 2517 sibi
454 2443 564 2516 idatas
578 2446 805 2545 smebontur,·
841 2440 949 2539 Vigsl.
971 2472 1007 2538 e.
1030 2441 1080 2516 36
1110 2442 1175 2533 (ΙΙ.
1208 2441 1287 2533 70).
1359 2444 1417 2522 Ob
1445 2447 1608 2548 insignem
1633 2446 1879 2549 iugrotudinem
1906 2448 2026 2525 adeer-

150 2608 190 2656 tus
205 2600 379 2687 patronum
407 2590 517 2661 denuo
543 2618 654 2663 seruus
670 2587 786 2690 fiebat
811 2619 840 2663 ν.
869 2591 938 2686 Ap.
968 2617 996 2663 c.
1016 2589 1058 2664 11
1089 2587 1135 2681 (Ι.
1164 2588 1273 2681 303).
1374 2650 1378 2657 .
1576 2591 1579 2596 ’

279 2736 339 2811 De
371 2736 471 2808 servis
504 2762 683 2836 eorumque
717 2736 919 2824 conditione,
957 2736 1081 2809 merdis
1113 2747 1145 2807 et
1170 2736 1335 2811 demen‘tis
1356 2739 1459 2839 pluro
1485 2739 1521 2811 in
1548 2738 1691 2812 bistoriis
1717 2739 1934 2814 [slandonem
1963 2732 2025 2815 oc·

150 2893 264 2967 amnt,
301 2907 362 2954 nec
397 2908 466 2952 non
500 2880 543 2953 de
576 2882 726 2954 dominio
753 2885 789 2954 in
816 2909 872 2962 eos
899 2881 952 2954 od
974 2883 1061 2954 alios
1086 2882 1266 2967 translato,
1304 2881 1346 2955 de
1372 2882 1515 2955 vindicta
1542 2885 1588 2955 ab
1618 2884 1660 2955 iis
1686 2897 1818 2970 sumta,
1856 2886 1899 2959 de
1923 2888 2026 2960 satis-

150 3020 257 3108 factione
285 3025 424 3099 domim
455 3027 499 3098 ob
533 3053 647 3099 eorum
675 3026 802 3100 eadem
830 3027 880 3100 vel
904 3026 1036 3100 eubrero
1058 3014 1313 3129 prestito*'*),
1352 3026 1394 3099 de
1419 3027 1744 3100 manumissionibus
1771 3056 1937 3103 semorum
1958 3058 2024 3132 pm

150 3166 218 3259 11410
234 3173 327 3271 puto
356 3172 407 3246 cel
425 3172 531 3271 gratis
558 3172 721 3244 concessis
734 3159 839 3262 ω’),
878 3172 920 3245 de
953 3185 1044 3246 statu
1077 3171 1301 3245 libertinorum
1332 3186 1616 3275 potmnoruche
1644 3173 1688 3246 iis
1717 3173 1916 3248 succedendi
1935 3179 2024 3278 jure,

153 3315 243 3412 mbos
258 3345 295 3392 eo
314 3344 390 3419 qeoe
409 3318 446 3390 in
467 3329 577 3389 nostro
604 3314 725 3390 Codice
748 3317 814 3389 bae
836 3317 879 3390 de
903 3344 937 3391 re
960 3318 1125 3416 leguntur,
1154 3318 1274 3417 egregie
1294 3315 1544 3418 confirmantur.
1602 3317 1699 3392 Vide
1724 3317 1875 3396 Nisbs-S.
1897 3351 1937 3424 p.
1960 3319 2023 3396 58.
2064 3377 2068 3387 .

152 3455 200 3534 73.
221 3461 279 3538 83.
308 3463 386 3541 857
419 3463 463 3553 (e.
482 3464 503 3536 I.
527 3460 785 3564 ρ.110-113.
819 3460 909 3539 143.
943 3459 1033 3539 164.
1065 3460 1184 3553 569);
1219 3462 1470 3563 Eyrbyggia-S.
1493 3493 1534 3564 p.
1557 3460 1647 3538 160.
1678 3463 2025 3553 311614116-

150 3603 258 3684 daeh-S.
279 3640 318 3713 p.
342 3607 404 3684 13.
436 3609 501 3685 87.
534 3605 597 3680 36.
630 3607 693 3683 45.
718 3608 819 3697 100;
854 3605 1111 3704 Vigsglums-S.
1135 3637 1174 3712 p.
1197 3605 1336 3683 38-48.
1367 3605 1536 3685 94-100.
1569 3606 1679 3684 134.

279 3757 399 3860 Neque
427 3782 544 3829 ornnes
574 3754 724 3854 ingenui,
763 3756 972 3858 quantumvis
996 3782 1042 3828 ex
1068 3753 1289 3827 manumissis
1314 3780 1384 3827 non
1412 3753 1654 3841 descurdersnt,
1691 3756 1819 3858 optimo
1836 3757 1915 3858 jure
1942 3759 2025 3834 cives

204 4044 231 4116 *J
258 4047 313 4107 Ad
334 4066 415 4126 qvas
440 4061 549 4122 operas
573 4044 655 4102 servi
681 4041 901 4101 adhiberentur
924 4061 962 4102 es
981 4046 1056 4114 jure
1080 4042 1151 4100 eccl.
1177 4043 1307 4121 antiqva
1332 4040 1446 4100 discere
1470 4041 1561 4114 licet;
1594 4062 1620 4102 c.
1641 4045 1684 4102 17
1709 4043 1754 4103 ed.
1778 4043 1889 4104 Tborb.

192 4160 230 4233 “j
256 4163 377 4223 Liberti
401 4171 523 4238 nepotes
548 4157 629 4216 bona
655 4162 712 4218 oei
735 4160 847 4219 relicta
872 4181 910 4218 es
935 4178 1025 4239 oeqva
1044 4170 1142 4238 porte
1166 4177 1237 4216 cum
1257 4169 1392 4235 patrono
1417 4162 1521 4233 ejusve
1545 4157 1719 4218 boeredibus
1735 4158 1915 4218 dividebant
1920 4179 1934 4232 ;
1958 4153 2024 4248 AI>-

249 4254 471 4339 6511185.
508 4258 677 4334 Singulari
701 4272 747 4318 est
772 4259 854 4339 quod
876 4257 1004 4318 libertus
1028 4279 1151 4318 servum
1175 4259 1399 4336 manumittens
1423 4276 1486 4316 non
1508 4260 1540 4316 ei
1562 4257 1749 4331 succederet,
1775 4259 1804 4318 si
1827 4257 1881 4318 bic
1905 4262 2024 4340 intpro·

247 4364 289 4422 les
314 4362 506 4428 mmsiesst,
538 4359 594 4416 sed
612 4370 768 4435 patronus
792 4361 1037 4419 manumissoris.
1071 4357 1147 4432 (ib.)

174 4476 227 4550 m)
254 4480 399 4539 Minima
423 4475 605 4555 satisfactio
633 4495 693 4552 pro
717 4471 799 4534 cade
824 4478 997 4535 servierat
1021 4475 1180 4535 deeodecim
1203 4475 1370 4534 unciarum
1392 4475 1424 4534 si
1446 4473 1567 4553 quidem
1590 4475 1645 4533 ills
1668 4473 1743 4535 betia
1767 4475 1848 4536 cadi
1871 4477 1936 4554 ipss
1960 4492 2023 4534 art-

243 4600 313 4640 sam
334 4576 537 4658 proebuisset;
563 4597 590 4635 ν.
612 4575 834 4655 Eyrbyggis-S.
858 4595 884 4633 c.
908 4578 946 4634 31
969 4599 1005 4655 p.
1026 4578 1090 4649 160
1116 4587 1199 4654 etp.
1221 4577 1285 4633 222
1311 4573 1355 4632 ed.
1380 4573 1485 4653 Hasn.
1512 4574 1594 4654 qood
1615 4595 1686 4633 cum
1708 4579 1811 4653 pretio
1836 4575 1935 4652 legali
1960 4592 2023 4632 an-

244 4681 330 4739 cillae
355 4683 391 4737 in
413 4674 543 4756 Grbgbs
566 4669 616 4762 sp.
641 4695 666 4733 c.
692 4671 733 4733 43
762 4676 804 4748 (I.
826 4695 860 4753 p.
885 4678 966 4740 338)
992 4677 1142 4735 convenit.
1203 4674 1245 4733 In
1269 4674 1444 4752 Gunnlaugo
1469 4675 1657 4752 ormstungu
1680 4674 1722 4733 ok
1747 4670 1965 4734 stolo-Rufus
1990 4674 2022 4734 8.

236 4801 273 4860 p.
293 4782 335 4838 66
357 4780 491 4838 occurrit
510 4795 617 4846 casus,
643 4774 698 4833 ubi
721 4775 758 4834 ob
783 4775 960 4854 singulares
974 4774 1069 4852 sacti
1092 4777 1349 4839 circumstantias
1373 4773 1462 4831 modo
1487 4794 1553 4833 una
1577 4793 1689 4831 marca
1714 4774 1752 4845 (i.
1771 4792 1795 4828 e.
1815 4782 1882 4830 octo
1903 4774 2022 4845 uncta)

236 4901 301 4959 pro
333 4877 417 4938 coede
446 4879 527 4936 servi
555 4875 777 4954 prostabatur.
837 4877 889 4935 Ex
913 4874 1087 4954 Vigsglums
1111 4877 1142 4936 8.
1168 4896 1202 4955 p.
1227 4875 1268 4934 23
1301 4870 1402 4932 nihilo
1431 4874 1535 4932 minus
1558 4871 1708 4932 discimus
1731 4870 1864 4948 vulgare
1883 4875 2023 4953 pretieun

244 4984 328 5041 servi
352 4976 530 5038 ethnicismi
554 4987 687 5053 tempore
701 4974 809 5054 fuisse
833 4978 962 5055 qvinqee
983 4995 1119 5034 marcas.

150 5100 219 5170 m)
256 5098 341 5180 Quin
371 5106 403 5154 et
432 5091 502 5153 beri
533 5092 677 5153 liberales
708 5113 795 5155 servo
827 5093 1019 5153 manumisso
1040 5090 1184 5170 fundum
1214 5090 1339 5149 omroso
1368 5089 1555 5151 instructum
1578 5087 1658 5150 dono
1682 5101 1836 5150 asserunt
1859 5089 1910 5152 eci
1933 5089 2025 5152 aliud

244 5217 357 5258 munus
383 5197 507 5272 insigne
531 5216 559 5255 e.
582 5192 908 5274 Ludaeta-S.p.1o.
934 5195 985 5252 36.
1011 5195 1085 5252 100.

483 5298 486 5303 .
1618 5362 1624 5374 ,
1721 5304 1793 5393 ΡΩ
