4522 5850
711 330 780 357 -
847 286 1110 377 CXXXVII
1169 334 1243 357 -

31 524 126 621 33b)
159 534 279 605 se’rndis
313 536 395 607 ntus
426 534 534 643 'muba
568 534 679 635 magis
712 534 759 607 ab
794 544 915 609 emtore
948 546 1094 609 servants
1124 548 1174 609 est
1188 525 1233 627 *).
1302 535 1372 637 Qvi
1383 534 1542 637 sucidam
1572 547 1651 610 ante
1681 535 1769 609 diem
1800 536 1929 637 migra-
2033 504 2036 509 Ι

36 676 128 751 dones
152 678 315 753 vendebat
339 679 393 753 ad
415 678 505 751 lcurre
530 706 637 781 usque
649 679 788 781 fruetus
813 707 931 753 omnes
961 682 1037 783 qein
1071 694 1104 754 et
1136 680 1417 755 extraordiianos
1447 710 1494 755 ex
1526 682 1583 755 illa
1613 683 1833 785 percipiebat,
1871 679 1934 753 sed

44 848 80 895 es
101 822 202 895 altera
224 838 323 925 parte
348 826 449 897 etiam
473 824 658 923 periculum
681 852 745 926 per
768 824 834 897 noc
858 836 992 926 tempus
1017 828 1180 926 suscipere
1205 826 1393 913 tenebatur5
1427 826 1495 901 Lb.
1524 827 1598 901 effi
1623 858 1662 930 p.
1683 824 1776 903 216.

180 966 373 1054 ‚Codicem,
403 970 466 1041 ubi
488 967 530 1040 de
552 969 716 1041 bononem
739 969 916 1042 elocutione
938 970 973 1040 in
998 971 1183 1041 universum
1205 972 1288 1069 agit,
1318 1000 1424 1045 revera
1449 972 1491 1045 de
1516 984 1633 1045 mutuo
1657 1000 1768 1071 agere,
1797 982 1835 1042 ut
1850 972 1928 1069 jam

54 1114 162 1198 nurui,
200 1112 279 1185 bede
312 1127 454 1215 apparet
487 1113 579 1215 qeod
609 1113 737 1186 debitor
764 1140 835 1185 non
861 1112 915 1185 ad
936 1114 1078 1186 eandem
1105 1142 1174 1187 rem
1201 1115 1347 1187 locatam
1374 1118 1606 1190 restituendam
1634 1117 1807 1189 obstrietus
1832 1126 1928 1197 esset:

57 1286 76 1328 e.
95 1257 155 1329 Kb.
184 1285 213 1329 e.
238 1258 252 1330 1
283 1259 336 1331 ad
358 1261 408 1331 10
437 1287 543 1360 usque
570 1257 616 1348 (l.
649 1255 860 1348 390-tlt).
924 1257 984 1331 Ne
1011 1258 1140 1360 qoidem
1168 1262 1377 1359 exigebatur,
1415 1274 1453 1333 ut
1478 1289 1530 1334 res
1556 1290 1657 1364 ipsam
1685 1261 1814 1333 debitor
1833 1284 1942 1386 pret-¹⁸

57 1412 131 1473 toret
152 1402 301 1502 ejusdem
324 1406 450 1503 generis
477 1416 560 1477 esset
584 1403 711 1477 acillo
738 1430 839 1503 speum
866 1405 1057 1504 accepisset,
1093 1404 1156 1477 sed
1178 1404 1282 1476 modo
1309 1407 1455 1507 ejusdem
1484 1408 1534 1479 vel
1556 1408 1695 1508 majoris
1717 1406 1830 1508 pretii,
1866 1404 1934 1475 nesi

58 1542 144 1618 diserte
165 1548 242 1646 ipsa
269 1552 475 1621 concentione
500 1548 695 1649 stipulatum
723 1560 806 1621 esset
832 1560 870 1620 ut
894 1561 980 1620 certa
1007 1576 1128 1621 merces
1154 1551 1223 1650 ipsi
1246 1551 1469 1651 rependeretur
1494 1550 1568 1652 (esr.
1597 1550 1628 1624 I.
1660 1550 1765 1642 3992).
1833 1545 1934 1647 Qeod

59 1691 130 1763 silis
153 1690 219 1767 bac
246 1694 288 1766 de
314 1722 348 1766 re
374 1696 456 1766 inter
481 1693 666 1766 enditorem
694 1706 726 1765 et
751 1693 927 1765 debitorem
951 1694 1086 1765 oriretur
1106 1695 1151 1766 ab
1175 1695 1314 1767 oculatis
1334 1696 1572 1796 inspectoribus
1591 1696 1772 1769 seeundum
1795 1708 1928 1773 tastum,

60 1860 133 1932 esem
157 1838 243 1936 e‘psoe
269 1838 353 1936 leges
380 1840 556 1923 coreuieent,
586 1837 841 1937 dijudicandum
856 1837 948 1938 suit,
978 1850 1009 1911 et
1033 1840 1067 1911 si
1091 1866 1212 1911 merces
1238 1840 1375 1914 rariores
1400 1854 1507 1914 essent
1531 1870 1556 1914 o
1583 1844 1658 1915 er'rrs
1679 1841 1802 1942 peritis.
1861 1838 1931 1910 Re-

10 1965 20 1996 ”
57 1980 123 2075 pte
150 1996 261 2055 autem
294 1984 330 2054 in
357 1980 423 2055 bac
451 1984 668 2055 estimatione
694 1982 867 2084 seqeenda
894 1960 1102 2083 infusorem
1126 1986 1242 2085 potius
1269 1985 1431 2058 creditoris
1458 2014 1557 2088 ipsam
1585 1986 1740 2059 debitoris
1766 1994 1931 2082 concepta

62 2150 109 2197 esse
134 2126 295 2212 videntur,
327 2129 541 2228 potissimum
573 2129 606 2200 si
623 2128 764 2229 sundus
790 2128 861 2200 loeo
888 2128 1060 2201 solutionis
1087 2129 1265 2216 cederetur,·
1301 2132 1357 2203 lex
1383 2133 1472 2203 enim
1500 2131 1595 2203 edicit
1606 2131 1764 2233 fundum
1792 2127 1933 2207 babita-

62 2280 111 2339 tum
133 2270 275 2344 duamm
304 2301 440 2345 oronim
464 2300 529 2373 pro
557 2303 627 2346 una
654 2302 723 2346 esse
745 2272 980 2375 prastandum
1009 2273 1054 2364 (I.
1087 2271 1192 2363 396).
1250 2274 1368 2376 Neqee
1391 2234 1530 2349 debitori
1544 2280 1607 2377 jus
1631 2278 1758 2360 tribuit,
1788 2302 1857 2347 rem
1883 2274 1932 2345 ita

64 2413 175 2487 niuem
201 2416 364 2504 reduendi,
401 2419 470 2490 nisi
500 2420 619 2491 solutio
655 2422 691 2491 in
724 2419 822 2492 servis
844 2415 945 2518 fieret
971 2418 1049 2510 (ib.)
1116 2418 1234 2492 Codes
1255 2416 1413 2520 permittit
1439 2422 1587 2495 creditori
1611 2449 1629 2495 e
1655 2421 1793 2522 singulis
1820 2418 1931 2491 decem

65 2560 110 2631 m's
128 2564 188 2635 sive
213 2590 331 2635 earum
359 2564 466 2635 valore
494 2593 600 2638 unam
627 2568 695 2639 sibi
715 2592 780 2666 pro
808 2592 873 2637 usu
895 2592 959 2665 per
984 2567 1144 2665 integrum
1172 2593 1302 2637 annum
1327 2567 1481 2667 stipulari
1509 2566 1674 2669 (adeoque
1701 2566 1740 2641 X
1763 2592 1829 2667 pra
1855 2591 1932 2637 cen·

65 2703 125 2793 tens)
148 2707 209 2779 sed
232 2709 267 2779 si
290 2710 423 2807 majora
449 2710 606 2783 loearia
634 2710 752 2800 (verius
778 2708 914 2799 usuras)
943 2712 1082 2809 exegerit
1103 2739 1224 2812 poena
1250 2713 1494 2809 subjiciebatur.
1552 2712 1673 2785 Eidem
1697 2738 1820 2812 poena·
1847 2736 1933 2810 quo-

63 2871 108 2941 ree
133 2853 301 2925 obnoxius
323 2855 417 2952 suit,
454 2857 487 2926 si
518 2883 586 2927 rem
622 2856 779 2928 creditam
806 2856 910 2954 pretio
940 2882 1010 2927 eero
1038 2857 1162 2954 majori
1186 2856 1392 2927 aetimasset.
1460 2854 1502 2928 Τ
1496 2858 1641 2927 ennirms
1667 2855 1840 2927 solutione's
1866 2880 1931 2925 ac-

59 3009 142 3069 eunte
175 2995 401 3095 desrgnandus
423 3000 500 3099 suit
534 3028 597 3073 nee.
626 3028 696 3071 non
731 3000 841 3085 locus,
878 3000 935 3099 qei
962 3000 1176 3098 potissimum
1212 3001 1244 3071 si
1277 2997 1432 3071 debitoris
1468 2999 1673 3072 domicilium
1709 3026 1733 3069 a
1764 2996 1931 3069 donn'cilio

53 3138 195 3214 ordiaris
222 3143 323 3213 nimis
349 3142 483 3217 distaret
510 3147 727 3217 coemiterium
755 3144 790 3214 in
815 3144 974 3229 comitiis,
1005 3140 1096 3244 qood
1117 3144 1258 3226 mireris,
1288 3170 1358 3215 esse
1379 3146 1498 3244 potuit.
1558 3141 1599 3215 T
1593 3143 1739 3216 erminus
1762 3140 1934 3213 solutiores

49 3281 202 3381 (sindagi)
224 3313 269 3358 ee
288 3288 422 3359 arbitrio
443 3290 705 3361 contrabentium
721 3288 906 3395 pendebat,
934 3289 997 3361 sed
1015 3316 1084 3360 non
1104 3288 1189 3359 ultra
1211 3287 1322 3387 cepisti
1339 3299 1370 3358 et
1389 3316 1495 3359 unam
1518 3289 1642 3362 biemes
1662 3288 1730 3360 nisi
1748 3296 1934 3359 contractus

40 3430 87 3501 sel
111 3458 173 3539 per
205 3435 399 3506 sententiam
424 3435 622 3533 judicialem
653 3436 702 3508 eel
725 3436 876 3535 partium
903 3433 1146 3532 stipulationem
1173 3445 1387 3506 reuocaretur.
1452 3433 1511 3507 De
1537 3433 1679 3506 debitore
1705 3458 1838 3505 moroso
1865 3428 1933 3501 alio

34 3576 106 3649 loeo
123 3577 201 3649 disi
215 3576 264 3665 (b.
280 3578 376 3650 Diss.
393 3610 432 3679 p.
447 3578 670 3669 CXXXV).
728 3579 785 3652 De
802 3578 1014 3651 oblatione
1031 3576 1133 3649 debiti
1147 3580 1282 3677 denque
1299 3578 1345 3661 ei,
1372 3603 1433 3649 nce
1448 3604 1518 3647 non
1535 3577 1577 3649 de
1593 3579 1772 3650 cessione
1788 3575 1935 3647 nominis

30 3734 62 3791 et
82 3720 339 3819 delegatione
361 3750 438 3795 eum
460 3752 534 3796 eera
556 3736 629 3795 tum
650 3725 809 3796 simulata
826 3723 928 3823 plura
945 3722 1047 3795 babet
1067 3719 1201 3805 Coelen
1232 3723 1301 3795 Kb.
1331 3749 1359 3794 c.
1381 3721 1403 3797 d
1429 3750 1468 3821 p.
1491 3718 1569 3797 393
1597 3748 1626 3794 e.
1648 3718 1671 3792 6
1695 3750 1734 3819 p.
1756 3718 1847 3793 400.

202 3865 260 3938 De
286 3868 422 3965 singulis
448 3870 668 3941 contractibus
694 3868 865 3939 locutionis
892 3866 1118 3938 conductionis
1144 3878 1175 3936 et
1201 3894 1308 3937 rerum
1336 3880 1368 3939 ct
1394 3894 1589 3967 operamm,
1626 3866 1738 3951 veluti,
1775 3864 1817 3936 de
1842 3863 1935 3937 loea-

25 4018 116 4089 tione
140 4010 352 4113 praeliorum
377 4012 572 4083 nesticorum
599 4012 666 4085 Lb.
696 4040 724 4085 c.
745 4010 795 4087 45
826 4010 891 4100 (Il.
920 4009 995 4085 332
1017 4008 1082 4099 ss.)
1089 4038 1101 4094 ,·
1115 4034 1120 4042 ·
1135 4011 1176 4081 de
1198 4010 1367 4109 pecudum
1395 4012 1588 4083 lactantium
1617 4007 1732 4099 (bissi)
1760 4010 1935 4081 elocutione

105 4382 142 4447 *)
178 4371 458 4451 Appreheneionem
479 4372 640 4429 solemnem
653 4371 755 4449 fundi
776 4374 853 4429 cessi
873 4374 907 4428 in
930 4392 988 4427 usu
1010 4371 1097 4448 apud
1114 4372 1259 4430 delendos
1272 4372 1378 4449 fnisse
1395 4373 1494 4447 plura
1518 4371 1587 4429 loca
1609 4374 1643 4429 in
1663 4370 1806 4430 historiis
1827 4372 1935 4429 lelan-

170 4474 250 4529 dicis
271 4472 503 4541 demonstran&
527 4470 622 4531 Luxd.
642 4474 671 4530 S.
693 4492 718 4528 c.
738 4466 779 4527 24
799 4492 834 4547 p.
854 4474 909 4541 9⁶3
935 4470 988 4526 sed
1005 4472 1178 4547 Viguglums
1197 4474 1226 4528 S.
1251 4492 1275 4527 c.
1297 4474 1338 4527 26
1360 4492 1392 4546 p.
1414 4474 1477 4529 158
1499 4472 1643 4546 inprimis
1664 4468 1726 4526 leae
1746 4472 1870 4527 ratione
1889 4482 1934 4525 est

172 4568 381 4629 memorabilis
387 4588 401 4639 ,·
426 4570 472 4629 ibi
496 4572 578 4627 enirn
597 4570 741 4629 Hullbera
764 4582 866 4640 mater
883 4570 1016 4642 Einuris,
1043 4574 1095 4625 eui
1113 4570 1240 4628 Glumus
1265 4592 1302 4627 ex
1328 4574 1507 4628 necessitate
1521 4568 1662 4646 fundum
1679 4568 1803 4627 Thversi
1827 4566 1934 4624 vendi-

172 4672 282 4739 derat,
309 4670 421 4727 Glumo
446 4671 577 4727 nunciat
601 4689 633 4726 se
657 4666 738 4725 bunc
753 4666 894 4745 fundum
909 4668 983 4739 silio
1008 4667 1112 4727 Einari
1128 4672 1275 4742 jamjam
1300 4670 1475 4727 eirnlieusse
1483 4711 1494 4737 ,
1522 4668 1655 4746 adeoque
1679 4669 1741 4741 ipsi
1764 4670 1829 4723 sine
1853 4665 1935 4721 ulte·

173 4774 256 4829 riare
281 4788 369 4827 mora
394 4790 432 4829 cx
456 4788 491 4827 eo
511 4772 585 4839 jam
608 4768 809 4826 excedendum
834 4764 942 4846 (komit
965 4765 1026 4825 heti
1050 4766 1091 4825 ek
1114 4765 1155 4825 nb
1180 4768 1252 4826 endi
1277 4768 1294 4827 i
1318 4763 1433 4855 {weris
1457 4767 1526 4827 lund
1550 4766 1592 4827 ok
1616 4766 1680 4841 geri
1706 4763 1745 4822 ck
1770 4758 1832 4851 [sik
1853 4760 1935 4823 niel

173 4870 259 4930 brott
282 4867 353 4927 med
376 4869 429 4929 ult
453 4861 518 4955 βίη
542 4866 584 4928 ok
608 4887 643 4928 cr
666 4866 766 4945 helgat
789 4865 884 4927 laudit
906 4864 1010 4927 Eineri
1034 4864 1101 4943 syui
1126 4864 1261 4945 minum).
1311 4868 1407 4925 Hune
1427 4886 1541 4944 qouque
1554 4864 1661 4941 fuisse
1684 4864 1935 4941 antiquissimum

177 4970 388 5048 occupationis
413 4970 509 5025 ritum
534 4986 557 5026 a
577 4968 691 5044 primis
714 4966 865 5027 islandiae
886 4965 996 5021 incolis
1016 4975 1174 5023 servatum
1196 4966 1278 5021 satis
1298 4974 1405 5021 natum
1425 4975 1490 5032 est;
1514 4962 1572 5041 cfr.
1589 4960 1702 5022 [endu.
1725 4965 1764 5019 P.
1781 4962 1845 5021 III.
1869 4982 1895 5019 e.
1914 4964 1933 5018 6

171 5090 204 5146 p.
230 5070 293 5125 207
320 5080 350 5123 et
376 5069 517 5143 inprimis
542 5068 583 5125 P.
610 5067 647 5125 V.
673 5088 698 5123 c.
722 5072 738 5125 1
763 5088 796 5143 p.
819 5066 899 5139 322,
931 5062 985 5121 nbi
1002 5067 1165 5139 pactionis
1190 5062 1388 5120 delendorum
1412 5060 1473 5118 bac
1496 5062 1535 5121 de
1559 5086 1612 5133 re,
1643 5073 1825 5137 suggerente
1850 5064 1935 5137 Rege

177 5169 307 5225 Haeone
332 5164 569 5237 Pulchricomo,
604 5170 716 5225 mentio
740 5166 882 5239 injicitur
889 5182 902 5233 ;
933 5160 991 5239 cfr.
1016 5162 1109 5239 Eyrb.
1133 5160 1195 5219 el
1218 5182 1249 5236 p.
1269 5163 1298 5220 8.

1693 5274 1714 5331 S
1787 5324 1793 5333 .
