4522 5850
722 369 789 388 -
856 318 1061 408 CLXVII
1126 362 1195 381 —

173 563 221 635 ok
250 563 340 636 med
369 562 515 635 mittini
547 559 726 635 hoisemd
754 576 794 635 at
823 575 924 633 meta

993 557 1169 630 mondum
1180 608 1197 643 ,
1242 557 1327 657 qnid
1365 558 1406 629 in
1443 560 1628 631 insontem
1664 566 1903 640 commissum

163 709 329 808 misgt‘irt
361 735 404 780 er
442 706 508 781 vid
542 706 747 781 saklausan
785 730 923 777 mann.
977 704 1128 803 fuerit,
1167 703 1420 802 qvidsactum
1448 705 1500 775 sit
1526 702 1575 777 ab
1601 729 1758 779 causam
1787 709 1902 785 levem

157 852 187 923 ri
229 852 493 933 littla1·,sakir
529 851 577 923 ok
611 861 663 950 po
700 849 822 945 firi²)
855 874 925 919 no·

173 996 251 1069 ada
286 996 505 1090 nxilsla1·³).
536 996 585 1067 ok
615 1007 665 1094 po
693 972 769 1092 cigi
803 1019 927 1092 nogor

150 1169 188 1212 ta
220 1169 343 1239 nogar
371 1159 411 1213 at
442 1141 514 1213 sull
547 1139 724 1239 noudsyn
756 1136 865 1236 [olkki
886 1135 926 1232 ⁴)

154 1286 164 1354 l
185 1284 287 1357 rekit
302 1286 354 1380 ⁵).
377 1310 444 1359 sua
463 1285 512 1355 ok
531 1250 655 1356 huart'
670 1282 818 1355 nockor
832 1279 924 1357 hasa

153 1427 204 1501 od
228 1428 407 1515 ,imillum
435 1429 575 1500 komit.
606 1426 675 1500 eda
707 1426 825 1527 aengi.
853 1424 925 1499 eda

150 1602 182 1645 m
208 1570 368 1646 hardozt
391 1600 449 1646 er.
476 1589 514 1645 ot
539 1598 577 1644 sa
602 1569 704 1643 hefir
722 1570 812 1644 bota
832 1570 926 1643 baeiz

150 1727 283 1823 pyrmt
299 1719 337 1814 ⁰)
360 1746 444 1793 var.
476 1717 524 1787 ok
549 1725 601 1815 po
625 1742 757 1817 aengar
780 1712 922 1815 fengit.

150 1892 163 1932 ι
191 1858 312 1934 huart
340 1862 484 1937 nockot
507 1889 575 1933 var
598 1860 712 1934 kiaert
737 1858 823 1933 firir
846 1875 925 1933 ret·

155 2035 210 2079 m.
237 2033 279 2078 er
304 2007 387 2104 laga
413 2003 672 2078 orskurdriun
697 2031 740 2077 er
760 2002 873 2079 sialfr
885 2005 924 2102 ⁷)

151 2150 304 2251 rpoeim
330 2177 409 2223 sem
435 2153 456 2219 d
480 2149 705 2222 saklnusum
729 2154 923 2223 miinnum

186 2322 244 2368 aen
281 2294 352 2393 ptri
384 2320 426 2366 er
455 2292 641 2365 domrinu
676 2290 822 2365 nefndr
860 2292 921 2365 til.

150 2439 232 2513 'skal
259 2437 440 2512 ranzsaka
458 2440 514 2534 ἓ).
547 2438 595 2510 ok
621 2454 723 2511 meta
744 2436 851 2515 satir
873 2436 923 2510 ok

154 2582 331 2684 rningar.
372 2584 421 2654 ok
459 2601 608 2685 tempra
648 2583 718 2657 suit
755 2581 922 2655 dominu

150 2728 253 2801 mala
293 2739 464 2800 viixtom.
504 2755 584 2801 sem
621 2728 837 2829 Pingmenn
872 2726 922 2800 ok

150 2900 209 2943 on
238 2874 277 2969 ⁹)
308 2873 363 2945 sia
402 2874 569 2973 rctlegaz
607 2872 694 2945 firir
726 2872 834 2947 Gudi
873 2871 922 2944 ok

150 3017 217 3090 ilio
238 3045 351 3092 suasa
373 3017 437 3114 ¹⁰)
457 3019 560 3119 eptir
579 3017 683 3089 sinui
703 3016 919 3091 samrizku.

156 3162 192 3264 gi
228 3188 309 3235 sem
349 3190 481 3262 mas-gr
509 3188 627 3261 snapr
660 3158 763 3233 hefir
790 3175 924 3235 suerat

150 3308 156 3378 ἱ
184 3324 225 3379 at
249 3306 347 3405 paeir
366 3306 480 3379 doma
500 3304 601 3378 oekki
621 3321 742 3378 annot
760 3330 818 3378 aen
840 3306 920 3413 litg.

156 3453 341 3552 sannlega
367 3451 476 3524 skolo
497 3450 588 3549 peir
610 3447 681 3548 pui
703 3474 818 3522 suara
839 3475 921 3523 sem

150 3614 203 3669 tta
230 3596 346 3694 paeim
373 3599 395 3667 i
424 3593 554 3668 hendo
580 3620 624 3667 er
647 3590 772 3667 venda
801 3620 921 3667 menn

150 3739 288 3813 donula
318 3740 490 3813 abrott
520 3738 627 3812 fara
651 3737 731 3834 ¹¹).
763 3735 806 3810 ef
831 3765 924 3811 van·

150 3910 180 3957 tr
218 3880 262 3957 af
291 3881 421 3956 honde
451 3882 673 3956 domarans.
706 3880 755 3952 ok
784 3907 853 3955 sua
885 3880 927 3955 ef

169 4053 213 4099 er
231 4027 347 4126 paeim
369 4055 412 4100 er
437 4025 672 4098 misltunnar
699 4048 767 4096 ero
789 4022 923 4098 verdir

150 4172 311 4267 oan12)
338 4172 465 4270 Peirra
495 4169 648 4270 tillogo.
698 4166 846 4241 Finnaz
871 4167 920 4239 ok

150 4323 234 4388 ime
271 4316 317 4387 til
354 4325 439 4415 poss
475 4332 515 4387 at
550 4313 639 4413 peis
677 4337 797 4384 menn
828 4309 920 4385 hasa

151 4458 268 4532 ardor
289 4456 451 4531 heindir
473 4457 517 4531 ai
532 4455 638 4530 Gutli
667 4480 710 4528 er
733 4454 921 4529 vandiimt

158 4629 217 4676 aen
258 4611 309 4701 po
346 4602 444 4701 paeir
480 4599 649 4674 hardare
686 4626 731 4671 er
768 4597 922 4674 nidismt

150 4747 184 4851 ³)
218 4747 267 4818 ok
289 4756 352 4820 'er
383 4744 533 4819 miatt
564 4739 919 4844 mundangshofet.

150 4892 163 4966 i
193 4890 319 4965 miara
348 4915 428 4963 sem
458 4897 527 4987 pat
556 4912 614 4960 er.
645 4894 696 4985 Pa
725 4911 792 4960 ero
821 4884 921 4985 paeir

150 5038 194 5110 ‚le
214 5063 257 5109 er
271 5060 338 5109 sua
357 5034 393 5108 fa
411 5033 499 5107 host
512 5030 645 5133 peirra
661 5028 837 5131 fiugurra
854 5028 919 5126 ¹⁴)

153 5178 248 5256 hose
276 5205 357 5253 sem
384 5180 395 5252 i
424 5180 550 5252 iillum
577 5191 726 5250 rettum
753 5172 917 5248 domum

992 848 1052 921 uel
1085 847 1306 947 aliqualem,
1345 848 1406 920 rel
1438 874 1639 949 magnam,
1674 876 1746 925 nec
1778 868 1903 930 tamen

991 993 1239 1092 sufficientem
1251 1045 1267 1080 ,
1300 993 1360 1065 vel
1384 993 1478 1066 adeo
1499 998 1672 1092 justam,
1704 1011 1748 1067 ut
1773 1017 1908 1075 auctor

992 1141 1218 1211 necessitate
1245 1138 1404 1211 adactus
1431 1140 1553 1239 egisse
1581 1141 1761 1213 videatur.
1828 1147 1905 1220 Ith-

992 1282 1076 1354 dem
1095 1282 1205 1354 modo
1225 1283 1510 1381 anquirendum,
1539 1308 1590 1356 an
1612 1287 1818 1379 satisfactio
1839 1290 1904 1365 olr-

991 1426 1068 1498 iata
1091 1427 1218 1528 fuerit
1254 1453 1324 1501 nec
1360 1454 1409 1501 ne
1417 1480 1433 1515 ,
1476 1443 1568 1515 aut,
1612 1430 1708 1527 qvod
1740 1440 1907 1533 aeqvitati

991 1576 1158 1645 maxime
1186 1586 1391 1672 repugnat,
1432 1588 1555 1645 utrum
1585 1572 1703 1645 Ioesus
1730 1578 1904 1675 satiffac·

992 1718 1129 1787 tionem
1156 1718 1326 1813 petierit,
1359 1742 1431 1790 nec
1458 1715 1625 1789 obtinere
1650 1725 1832 1815 potuerit:
1866 1739 1906 1799 et

990 1860 1147 1959 deniqne
1182 1863 1217 1933 si
1251 1886 1378 1934 coram
1409 1862 1540 1960 judice
1574 1877 1806 1959 competente
1841 1893 1905 1942 ac·

991 2006 1043 2077 tio
1076 2007 1228 2105 injurioe
1260 2007 1402 2079 insonti
1433 2006 1551 2079 illane
1577 2011 1747 2079 instituta
1761 2011 1901 2109 fuerit.

991 2147 1037 2219 V
1030 2176 1135 2263 erum
1177 2152 1261 2224 ideo
1293 2151 1445 2251 judicia
1488 2165 1581 2223 sunt
1619 2153 1819 2243 ordinata,
1864 2171 1907 2229 ut

988 2315 1122 2368 causae
1155 2310 1195 2368 et
1228 2294 1366 2369 delicta
1402 2316 1515 2395 oeqva
1552 2296 1662 2371 lance
1697 2300 1906 2395 ponderen-

990 2453 1076 2525 tur,
1115 2441 1392 2541 sententiaeque
1415 2466 1485 2539 pro
1513 2466 1554 2515 re
1581 2457 1672 2516 nata
1702 2456 1906 2542 temperen-

989 2597 1075 2669 tur,
1110 2587 1236 2681 prouti
1264 2586 1392 2687 judex
1423 2590 1581 2687 orsusque
1612 2588 1784 2661 aduocati
1810 2604 1905 2667 teste

989 2728 1073 2800 Deo
1108 2743 1149 2801 et
1182 2753 1253 2801 sua
1288 2732 1524 2803 conscientia
1560 2737 1704 2805 veritati
1738 2741 1905 2810 maxime

988 2897 1194 2970 congruum
1223 2895 1308 2945 esse
1333 2888 1518 2958 censent,
1542 2876 1742 2974 fugientes
1770 2878 1905 2951 stulto-

989 3040 1070 3087 rum
1101 3041 1264 3111 morem,
1303 3021 1366 3117 qvi
1390 3020 1560 3091 strictum
1582 3023 1649 3118 jus
1676 3040 1720 3091 se
1746 3024 1786 3091 in
1814 3045 1904 3094 sen·

989 3162 1107 3233 tentia
1138 3160 1308 3263 ferenda
1354 3162 1463 3235 modo
1508 3165 1611 3263 sequi
1652 3164 1900 3240 contendunt.

988 3305 1136 3378 Etenim
1180 3313 1389 3394 rationem,
1433 3332 1540 3407 qaam
1584 3307 1685 3409 leges
1725 3278 1904 3412 exigunt,

990 3450 1170 3523 reddituri
1199 3464 1316 3536 sunt,
1353 3454 1415 3550 qai
1442 3456 1643 3549 postposito
1675 3455 1798 3556 officio
1826 3483 1904 3531 ma·

989 3594 1045 3666 Ios
1068 3622 1092 3666 a
1107 3594 1250 3694 judicio
1271 3595 1395 3668 salros
1420 3595 1633 3683 dimittunt,
1666 3612 1735 3669 aut
1755 3604 1904 3695 patiun-

989 3753 1074 3825 tur,
1104 3742 1309 3824 minorem,
1338 3762 1446 3837 qaam
1471 3737 1540 3813 Iex
1561 3744 1692 3811 statuit
1697 3771 1713 3826 5
1740 3767 1900 3839 poenam

988 3882 1035 3955 de
1064 3907 1127 3955 reo
1156 3886 1280 3967 sumi,
1316 3883 1395 3954 sire
1416 3885 1525 3982 justo
1552 3888 1729 3983 majorem
1758 3888 1903 3961 miseri·

987 4025 1117 4097 cordia
1144 4025 1267 4127 dignis
1294 4022 1429 4125 infligi.
1495 4025 1674 4125 Namque
1700 4046 1906 4105 occurrunt

987 4170 1187 4266 exempla,
1217 4168 1313 4267 qvod
1340 4136 1481 4243 ultione
1503 4172 1609 4269 gravi
1635 4170 1743 4245 Deus
1771 4178 1810 4245 in
1837 4199 1904 4250 eos

987 4313 1306 4397 animadverterit,
1328 4316 1391 4413 qvi
1406 4313 1576 4387 leviorem
1593 4339 1771 4410 poenam,
1794 4342 1903 4417 qaam

984 4483 1057 4554 par
1077 4450 1159 4541 ek,
1192 4460 1265 4530 reis
1286 4458 1523 4557 irrogarunt,
1548 4463 1753 4559 graviorem
1777 4474 1901 4533 tamen

987 4601 1184 4673 uindictam
1207 4605 1357 4697 experti
1375 4616 1470 4674 sunt
1480 4602 1648 4702 judices,
1678 4605 1739 4698 qvi
1753 4617 1903 4678 senten·

987 4750 1059 4817 tias
1091 4748 1204 4817 nimis
1236 4720 1590 4845 rigidaffluierunt.
1662 4745 1792 4818 Media
1824 4752 1902 4848 qai·

984 4886 1068 4960 dem
1097 4889 1155 4960 aia
1178 4888 1414 4986 quantumuis
1436 4896 1598 4986 angusta
1620 4888 1805 4962 servanda
1826 4905 1899 4966 est.

989 5028 1071 5131 Qvo
1097 5032 1295 5131 angustior
1318 5042 1443 5102 autem
1472 5044 1555 5118 est,
1586 5054 1634 5106 eo
1659 5037 1778 5132 magis
1804 5031 1907 5109 beati

984 5190 1077 5287 sant
1098 5178 1160 5275 qai
1183 5173 1333 5247 modum
1358 5184 1519 5273 quatuor
1536 5181 1695 5253 istamm
1716 5200 1904 5266 sororum,
