4522 5850
951 339 1019 356 —
1084 292 1246 379 CLXII
1311 339 1378 356 -

215 528 371 615 gardo,
401 528 574 593 Eisteno
599 536 633 592 et
656 522 763 592 Olao
788 522 891 587 annis
914 533 1116 595 1103-1130
1138 522 1317 588 conditum
1338 533 1408 602 est,
1439 535 1479 588 nt
1502 534 1716 589 coaetaneum
1737 524 1934 605 laudatur,
1961 546 2026 590 neo
2046 546 2107 589 non

219 644 391 711 Gissuri
416 643 568 730 episcopi
594 641 631 722 (†
653 642 746 724 1118)
767 634 910 726 filiique
940 638 1015 703 Tei
1022 640 1056 703 ti
1084 649 1166 704 onte
1184 649 1327 724 patrem
1350 640 1481 705 mortui
1510 636 1591 727 (cfr.
1616 637 1840 723 Hungurvsks
1867 664 1900 709 c.
1921 648 1947 713 7
1967 649 2007 707 et
2029 660 2057 705 c.
2074 643 2103 721 9)

216 761 435 847 Marcique
461 755 736 844 Nomoplrylacis
764 756 836 841 (qvi
863 764 945 818 ante
972 738 1103 818 annum
1128 766 1209 825 1118
1233 755 1392 840 decessit)
1420 756 1636 841 aliorumque
1662 758 1865 823 testimonia
1892 754 2101 825 advocantur

218 877 337 941 debis
354 875 554 962 privilegiis
578 897 601 937 a
622 874 717 959 Rege
741 870 830 936 Olao
853 880 973 933 sancto
996 868 1187 957 Norvegis,
1207 882 1422 956 procurante
1443 872 1613 958 Episcopo
1635 871 1657 936 Ι
1662 873 1742 938 slei
1741 870 1793 959 fo
1817 874 1990 960 aliisque,
2017 870 2098 935 datis

212 990 443 1079 jurejurando
466 984 691 1074 confirmata,
722 986 801 1051 inde
823 986 1021 1073 colligerem
1044 986 1167 1052 saltem
1186 986 1249 1051 boc
1263 983 1510 1073 fragmentum
1529 985 1666 1052 Codicis
1688 990 1869 1076 uretiqvius
1890 1011 1965 1055 esse
1987 984 2096 1051 collec-

218 1108 310 1173 tione
329 1103 512 1193 Haflidi
535 1115 570 1169 et
591 1103 879 1193 Bergtlzori*).

383 1222 439 1291 Ex
462 1220 585 1286 allatis
603 1204 705 1307 pate't
725 1230 909 1305 utramque
928 1218 1165 1284 membranam
1186 1216 1314 1311 summi
1327 1218 1441 1303 pretii
1461 1240 1533 1283 esse
1553 1230 1588 1285 et
1608 1229 1792 1308 utramque
1807 1220 2008 1307 plurimum
2024 1238 2091 1282 eorr-

209 1336 326 1429 ferre,
357 1348 400 1404 ut
421 1338 527 1421 liujus
549 1338 665 1424 legum
687 1336 899 1401 collectionis
921 1335 1026 1401 editio
1050 1335 1220 1421 completa
1241 1343 1275 1401 et
1297 1344 1467 1399 accurata
1480 1331 1568 1419 fiat.
1624 1335 1737 1400 Codex
1756 1336 1794 1402 A
1812 1335 1991 1403 meliorem
2009 1330 2088 1399 ordi·

215 1480 293 1522 nem
313 1455 351 1521 in
371 1452 616 1521 distributione
634 1454 864 1518 materiarum
884 1459 1002 1518 servat
1024 1460 1057 1514 et
1079 1451 1244 1516 sectiones
1268 1451 1470 1515 accuratius
1491 1450 1679 1537 distingvit
1698 1474 1800 1538 quom
1817 1453 1868 1532 Β,
1893 1475 1938 1519 eu
1955 1450 2020 1515 lum
2035 1470 2087 1513 au·

217 1580 286 1637 tem
308 1570 508 1657 recipienda
531 1591 606 1656 qvae
627 1569 665 1635 A
686 1569 815 1635 omisit.
869 1566 950 1633 Cod.
968 1566 1001 1633 Β
1023 1590 1060 1631 eo
1083 1566 1173 1659 vitio
1193 1564 1348 1645 laborat,
1377 1566 1466 1653 qvod
1487 1566 1574 1651 legis
1599 1536 1753 1644 sanciti,
1784 1568 1886 1633 nullo
1909 1562 2087 1654 argumenti

215 1688 352 1753 ratione
375 1684 515 1763 habita,
546 1686 734 1753 commista
758 1684 847 1766 sint3
879 1683 959 1771 ltine
981 1705 1070 1770 pars
1097 1683 1258 1747 sectionis
1286 1681 1328 1746 de
1354 1682 1567 1747 commerciis
1591 1680 1713 1759 initio,
1740 1704 1832 1768 pars
1856 1682 1990 1759 medio,
2014 1700 2085 1767 pm

213 1804 312 1871 exitu
339 1799 423 1867 libri
451 1799 600 1866 babetur
630 1801 847 1888 interspersis
875 1797 1050 1888 capitibus
1080 1822 1121 1863 ex
1151 1796 1358 1863 sectionibus
1380 1794 1553 1881 Vigslodi,
1583 1793 1979 1881 Laudabrigdshalkr.et
2003 1790 2087 1859 brit·

214 1913 378 2000 Paltr**)·
431 1916 566 2002 Soepius
585 1916 684 1981 modo
700 1918 822 2003 prima
843 1927 877 1981 et
899 1896 1026 1980 ultimo
1043 1913 1299 1981 verba'sanciti
1317 1914 1389 1978 late
1402 1915 1561 2001 patentis
1583 1915 1672 1979 citat
1694 1936 1770 2001 qvae
1791 1917 1828 1981 in
1850 1914 1934 1981 Cod.
1953 1911 1991 1981 A
2002 1909 2086 1999 plen

113 2060 116 2065 ·
214 2034 380 2120 leguntur
399 2042 433 2097 et
449 2033 522 2098 boec
537 2028 747 2118 fragmenta
765 2032 886 2098 verbo.-
908 2031 1121 2117 ''limusque’'
1138 2032 1230 2095 inter
1247 2054 1282 2095 se
1301 2039 1487 2095 nectuntur
1492 2054 1506 2111 ‚-
1527 2029 1695 2095 librarius
1712 2031 1882 2097 memorio
1900 2039 2012 2095 totum
2027 2036 2087 2091 tes·

140 2208 151 2227 ,
216 2159 291 2215 tum
312 2148 461 2214 tenuisse
479 2148 619 2216 videtur
636 2172 779 2235 eumque
798 2150 882 2214 adeo
904 2147 978 2212 lroec
998 2145 1188 2213 exscribere
1207 2146 1390 2227 taeduisse3
1415 2146 1507 2211 idem
1527 2146 1635 2210 etiam
1653 2146 1787 2211 duobus
1806 2146 1894 2213 locis
1916 2148 1956 2213 in
1973 2140 2089 2211 cont

214 2264 383 2342 occurrit,
407 2262 469 2328 sed
486 2286 563 2349 qves
581 2262 637 2328 bic
657 2264 900 2330 desiderantur
920 2264 990 2329 alio
1012 2264 1085 2327 loco
1107 2264 1271 2351 leguntur
1286 2262 1365 2348 Μ).

381 2380 426 2444 In
446 2376 526 2444 Cod.
543 2380 581 2446 A
600 2380 842 2445 desiderantur
862 2379 930 2443 dno
952 2380 1092 2465 integra
1111 2375 1206 2463 folia
1225 2378 1263 2443 in
1284 2378 1434 2443 sectione
1453 2374 1654 2460 ''Vigslods‘’
1672 2378 1854 2467 eodemque
1876 2378 1953 2445 loeo
1974 2378 2014 2444 in
2029 2396 2092 2439 om·
2132 2462 2134 2467 Ι

213 2496 314 2561 nibus
335 2492 518 2561 Cddicibns
535 2494 730 2560 chartaceis
752 2498 809 2582 qvi
830 2496 932 2559 illum
954 2503 1159 2582 sequuntur,
1185 2493 1275 2581 qvod
1295 2494 1487 2560 certissimo
1510 2493 1639 2559 indicio
1662 2504 1731 2574 est,
1759 2518 1816 2561 eos
1840 2516 1958 2561 omnes
1979 2514 2022 2561 es·
2042 2488 2092 2559 illo
2131 2472 2134 2485 Ι

213 2611 336 2676 Codice
357 2612 547 2698 exscriptos
568 2633 656 2699 csse,
686 2633 791 2698 neqve
813 2634 855 2674 ex
878 2610 961 2675 aliis
973 2611 1056 2699 jam
1076 2606 1276 2696 deperditis.
2127 2620 2134 2725 ⁴

381 2727 451 2791 His
471 2726 513 2790 de
534 2727 652 2790 cnissis
673 2726 967 2792 membranom'A
986 2728 1023 2791 in
1047 2735 1144 2789 textu
1167 2724 1404 2789 constituendo
1428 2735 1468 2789 nt
1485 2727 1729 2813 plenissimam
1749 2726 1787 2790 in
1810 2726 1857 2792 iis
1879 2722 2094 2801 sectionibtu,

212 2862 296 2927 qvas
317 2839 436 2922 babet,
458 2843 683 2929 potissimum
705 2855 843 2908 secutus
866 2865 958 2923 sum,
987 2841 1120 2906 additis
1143 2863 1219 2931 qvae
1239 2840 1319 2905 ltine
1340 2841 1421 2908 inde
1442 2843 1479 2908 in
1501 2841 1584 2911 Cod.
1606 2843 1639 2909 Β
1659 2843 1832 2937 copiosius
1850 2842 2038 2932 leguntur,
2063 2864 2097 2907 es

212 2979 274 3042 qvo
297 2955 420 3024 Codice
440 2960 548 3024 etiam
568 2983 611 3024 ea
630 2958 820 3045 depromsi,
848 2981 925 3046 qvae
946 2958 1006 3024 ille
1028 2957 1122 3023 solue
1145 2957 1252 3022 sistit.

515 3131 645 3196 Textus
668 3131 755 3215 legis
778 3153 819 3195 ex
842 3131 898 3195 liis
913 3128 1080 3217 partibus
1103 3130 1285 3197 consistit:

381 3254 412 3312 1.
442 3243 720 3332 pingskapspatu·
746 3269 773 3311 s.
794 3246 855 3328 jus
876 3248 1114 3332 processunle,
1147 3249 1206 3312 cui
1231 3248 1479 3330 ngrettupaur
1504 3258 1540 3314 et
1563 3247 1906 3335 Lb'gsbgumanzpsttr
1924 3250 2109 3339 proemisi,·

212 3378 290 3421 cum
316 3354 395 3442 ipsa
423 3354 617 3424 tribunalia
637 3382 878 3446 personoeqve,
910 3382 986 3447 qvoe
1014 3386 1055 3427 en
1083 3361 1355 3442 constituebant,
1385 3366 1488 3450 prius
1515 3365 1752 3452 cognoscenda
1777 3366 1867 3444 sint,
1902 3388 2012 3453 qvam
2035 3367 2103 3455 ipse

210 3470 310 3550 ordo,
338 3493 401 3559 qvo
421 3473 500 3539 lites
515 3476 760 3563 persequendis
781 3485 874 3541 sunt.
921 3475 1136 3565 Coeteroqvin
1156 3479 1231 3545 ltoeo
1252 3481 1370 3544 omnia
1390 3504 1432 3544 ex
1452 3480 1533 3546 Cod.
1551 3481 1589 3549 A
1608 3483 1729 3548 sumsi.

377 3600 410 3661 2.
442 3589 626 3676 Acl'spsttr,
656 3616 732 3677 qvoe
755 3592 859 3656 sectio
879 3592 1034 3677 primum
1055 3582 1169 3658 locum
1191 3603 1284 3659 tenet
1306 3595 1342 3658 in
1366 3594 1448 3662 Cod.
1465 3595 1498 3661 Β
1514 3608 1599 3683 post
1612 3598 1678 3686 jus
1701 3597 1783 3664 eccl.
1807 3595 1898 3684 qvod
1919 3596 1969 3665 G.
1993 3600 2104 3666 Tlior·

210 3699 343 3767 belinus
364 3704 484 3772 edidit.
539 3705 583 3773 V
575 3708 731 3773 ariantes
753 3707 916 3773 lectiones
937 3733 979 3774 ex
999 3707 1080 3778 Cod.
1097 3710 1131 3777 Β
1153 3711 1190 3775 in
1211 3708 1304 3772 notis
1329 3712 1565 3799 transscripsi.

374 3830 408 3892 3.
441 3818 625 3900 Festslralu·
649 3844 690 3885 ex
713 3821 794 3889 Cod.
811 3822 850 3887 A
869 3847 948 3888 cum
968 3824 1046 3893 leet.
1069 3848 1147 3893 var.
1170 3848 1212 3890 ex
1233 3824 1314 3891 Cod.
1334 3825 1379 3892 Β.

213 4004 2103 4073 -ῄ-Τψ--ΜΜ

337 4129 416 4187 idrm
437 4130 533 4206 plura
561 4134 760 4208 antiquitatis
785 4135 903 4192 irulicia
923 4155 994 4211 proe
1019 4156 1050 4191 se
1065 4135 1157 4212 serat
1183 4157 1220 4193 ex
1244 4136 1428 4213 quibusdam
1451 4149 1557 4195 tamen
1578 4139 1652 4195 locis
1676 4140 1789 4215 colligo
1809 4140 1894 4198 illud
1909 4146 2014 4202 serius
2038 4145 2103 4203 sal-

336 4239 396 4285 tem
420 4249 457 4287 ec
477 4242 569 4305 parte
594 4230 707 4287 litteris
729 4233 913 4289 maredotnm
927 4233 1042 4310 fecisse.
1095 4236 1150 4292 Ita
1175 4257 1202 4292 ν.
1218 4255 1243 4290 c.
1267 4238 1375 4311 cap.2
1400 4236 1445 4294 II.
1465 4257 1501 4311 p.
1519 4233 1578 4292 401
1609 4239 1751 4313 Norcegi
1774 4241 2020 4315 ”Norcgsmcmd
2045 4264 2102 4320 ap-

333 4328 513 4401 pellantur,
546 4349 615 4386 curn
648 4331 734 4386 alias
766 4331 874 4409 ubique
898 4335 933 4389 in
952 4343 1020 4426 ‘toto
1048 4333 1158 4391 Codice
1184 4333 1311 4410 Grdgds
1335 4333 1390 4391 sub
1416 4339 1545 4412 antiqno
1570 4338 1691 4392 nomine
1715 4336 1873 4395 Islandico
1898 4340 2101 4401 ”Austmenu

335 4427 472 4482 ueniant.
606 4426 688 4484 Sclsl.

223 4608 229 4613 .
279 4553 311 4623 *)
343 4560 412 4616 Iloc
438 4559 644 4616 testimonium
666 4570 737 4636 post
763 4572 889 4616 mortem
914 4560 1033 4619 deinum
1057 4564 1204 4641 Episcopi
1228 4564 1327 4638 Isler'si
1351 4564 1466 4623 editum
1480 4567 1587 4642 fuisse
1609 4588 1645 4624 ex
1667 4569 1744 4643 ipsis
1763 4566 1864 4626 uerbis
1882 4566 1984 4641 liujus
1993 4571 2100 4649 frag·

333 4659 429 4715 menti
452 4656 497 4716 II.
523 4653 600 4737 110·
614 4658 757 4733 colligere
788 4650 857 4715 lic'et
867 4698 878 4726 ,
911 4679 1003 4737 neqve
1034 4661 1216 4721 declaratur
1239 4661 1296 4721 lroc
1321 4669 1530 4722 testimonium
1545 4668 1625 4739 J’am
1650 4678 1716 4723 turn
1739 4667 1852 4723 litteris
1876 4670 2101 4745 antesignatum

322 4754 435 4829 fuisse.
488 4759 589 4815 Porro
614 4760 697 4815 catis
722 4756 940 4831 manifestum,
966 4758 1033 4815 lucc
1058 4764 1127 4836 ipsa
1145 4762 1321 4839 privilegia
1346 4783 1408 4845 non
1428 4766 1577 4840 primitus
1602 4764 1649 4822 ad
1666 4764 1792 4841 Grdgds
1810 4766 2024 4841 pertinuisse,
2049 4768 2103 4829 sed

328 4859 497 4928 posteriore
521 4868 653 4931 ternpore
679 4876 699 4914 a
726 4857 855 4934 quodam
879 4860 1033 4915 memorias
1057 4856 1157 4919 causa
1182 4860 1255 4917 liuic
1268 4865 1346 4936 juri
1371 4863 1520 4920 additum.
1655 4862 1738 4921 Selil-

264 4980 311 5045 Ἦ
344 4986 409 5059 cyr.
435 4986 471 5041 de
497 4997 564 5043 tota
589 4986 651 5044 boc
675 5008 709 5045 re
733 5009 835 5047 nteam
861 4990 1025 5049 Comment.
1051 5000 1085 5058 ,1.
1105 4995 1147 5051 25
1173 5005 1202 5050 et
1223 4996 1420 5070 potissimum
1437 5016 1472 5071 p.
1490 4996 1616 5055 LXIX

242 5110 307 5179 ΙΗῚ)
342 5116 421 5172 Vide
446 5136 544 5173 meam
572 5119 686 5175 Comm.
708 5140 740 5196 p.
759 5122 847 5180 LXI
866 5136 918 5180 not
940 5125 972 5193 γ9
998 5125 1052 5182 ubi
1076 5128 1159 5183 ratio
1184 5123 1236 5183 liic
1260 5139 1406 5201 suggesta
1430 5127 1590 5203 refellitur.
