4522 5850
1076 368 1462 479 ...104-

300 627 407 736 segia
428 627 581 706 hanom
600 627 761 705 sialiom
785 632 880 735 m'ep
901 630 1043 725 tutti,
1061 629 1108 706 e'i
1121 626 1238 734 hana
1299 630 1389 708 darn
1401 594 1511 737 juste
1521 614 1795 722 denuntiatur,
1817 635 1857 707 si
1869 637 1921 722 is,
1943 637 2012 710 cui
2025 630 2239 711 aiendi'su'·

301 777 444 885 heyrir
463 775 543 881 eigi
563 756 586 851 u
605 775 753 881 lysing.
783 806 787 815 ·
946 824 950 838 ·
979 774 987 787 '
1299 782 1481 867 stentatic
1503 781 1736 883 injungitur,
1765 782 1846 879 ipse
1868 782 1908 853 in
1930 786 2096 855 comitiis
2117 782 2237 872 adsit,

1300 929 1338 999 si
1352 918 1783 1037 verandenun'tiationeni
1803 920 1881 1025 nan
1899 930 2106 1019 exaudiat,
2133 922 2238 1004 testi·

1301 1066 1374 1144 bus
1391 1068 1569 1145 adhibitis
1586 1076 1626 1146 ei
1640 1071 1844 1147 indicetur.
1858 1098 1862 1103 ·
1974 1122 1977 1129 ι
2082 1066 2087 1082 ’

418 1215 477 1290 Ειι
506 1211 552 1290 ei
574 1241 697 1290 menn
725 1215 823 1292 vilia
851 1213 931 1291 bun
959 1212 1132 1318 vigsacir
1159 1223 1234 1318 epa
1412 1216 1459 1290 Si
1481 1219 1521 1289 in
1540 1218 1732 1292 homicidii
1748 1192 1808 1295 vel
1822 1224 1947 1322 stupri
1959 1223 2133 1296 criminis
2152 1213 2237 1298 reo's

303 1342 566 1466 legorpuacir
586 1361 633 1437 til
653 1362 858 1468 vurpings,
882 1370 934 1466 Pu
954 1387 999 1437 er
1016 1379 1097 1438 rett
1112 1359 1235 1438 hvarz
1300 1365 1341 1438 in
1368 1368 1531 1441 comitiis
1558 1346 1776 1440 iemalibus
1806 1362 1893 1470 qvis'
1915 1391 2030 1470 agere
2058 1341 2236 1459 veluerit,

303 1533 387 1585 sem
406 1509 480 1585 vill
500 1527 543 1587 at
560 1509 688 1586 steina
708 1508 873 1588 heiman
894 1518 967 1615 epra
985 1510 1068 1616 lysa
1089 1509 1102 1584 i
1120 1509 1237 1614 ping-
1297 1534 1419 1610 penes
1441 1523 1617 1614 agentem
1637 1513 1692 1584 sit
1709 1508 1929 1609 arbitrium,
1958 1508 2037 1588 sive
2057 1511 2167 1588 domi
2184 1519 2236 1590 ci·

303 1651 463 1765 brecco.
483 1630 489 1641 ⁷
1302 1671 1384 1730 tare
1402 1655 1512 1744 velit,
1540 1657 1628 1748 sive
1641 1659 1681 1729 in
1702 1657 1799 1733 clivo
1816 1662 2055 1733 comitiorum
2074 1684 2236 1735 causam

1300 1801 1543 1877 denuntiare.
1769 1888 1776 1896 ,

418 1943 473 2022 Et
495 1947 582 2054 lysa
607 1948 689 2025 scal
718 1947 847 2042 sacir,
891 1954 944 2050 pa
976 1948 1057 2025 scal
1090 1948 1235 2052 qvepia
1419 1945 1497 2023 Ubi
1514 1908 1652 2027 causa
1673 1947 1971 2038 denuntientur,
2005 1953 2124 2027 vicini
2142 1959 2238 2028 veri·

305 2089 386 2168 bna
405 2090 561 2168 halsom
580 2095 741 2199 menapi
762 2095 867 2202 fyrir
887 2096 989 2201 ping
1011 2105 1085 2198 epa
1107 2097 1235 2173 meina
1301 2093 1380 2169 dici
1392 2100 1637 2183 semimense,
1663 2070 1860 2194 vei'prius,
1885 2110 1977 2169 ante
1994 2102 2151 2174 comitia
2168 2101 2237 2174 ba·

305 2238 421 2313 meli.
467 2227 552 2325 Pnt
571 2268 616 2316 er
634 2269 680 2318 oc
698 2244 868 2318 maeltat
886 2261 998 2345 qvutt
1014 2245 1095 2319 scal
1115 2244 1236 2347 qvipa
1304 2238 1428 2315 benda
1444 2241 1629 2317 evocandi
1642 2256 1749 2316 sunt.
1801 2239 1970 2343 Legibus
1984 2257 2146 2318 cautum
2160 2262 2235 2337 est,

306 2386 425 2495 allra,
447 2414 493 2463 oc
511 2387 749 2494 frumgagna
768 2398 842 2495 apr
857 2387 975 2465 domr
992 2387 1068 2465 fari
1089 2406 1136 2467 ut
1151 2415 1235 2466 sem
1304 2401 1348 2460 ut
1378 2389 1533 2463 veridici
1562 2412 1765 2490 omnesqve
1795 2391 1949 2480 (causis
1980 2389 2237 2487 adhibendae)

304 2559 329 2608 n
351 2532 524 2639 alpingi.
1043 2581 1046 2586 -
1302 2538 1551 2610 auctoritates
1572 2533 1824 2635 principales,
1856 2548 1901 2608 nt
1920 2539 2148 2612 incomitits
2169 2568 2238 2644 ge·

1302 2677 1498 2755 neraiibus
1524 2678 1647 2768 salet,
1679 2685 1897 2783 priusquam
1913 2682 2068 2784 judices
2090 2702 2241 2762 exeant

1302 2826 1374 2920 (ad
1382 2825 1687 2929 judicandum),
1713 2842 1932 2905 evocentur.

508 3070 774 3162 XXXVIII.
814 3073 1029 3163 mem.
1496 3024 1502 3037 ι
1529 3073 1727 3180 Taunus,
1742 3071 2007 3177 XXXVIII.

442 3226 535 3299 Um
578 3224 738 3302 doma
782 3226 1100 3303 utfiirslor.
1303 3225 1620 3330 Dejudicum
1648 3225 1737 3303 sub
1765 3229 1893 3304 dium
1919 3230 2231 3330 deductique.

306 3346 491 3482 Domar
513 3410 621 3483 scolo
642 3408 726 3485 fara
749 3426 797 3483 ut
818 3435 884 3484 sva
908 3407 1075 3484 assacir
1096 3408 1237 3484 comii
1303 3345 1477 3483 Judices
1503 3424 1581 3483 tarn
1609 3434 1724 3485 mane
1750 3371 1918 3499 exeant,
1954 3427 2001 3485 ut
2024 3430 2119 3490 ante
2146 3417 2234 3490 solis

307 3553 410 3629 allar
424 3552 512 3657 fyrr
529 3581 579 3629 en
596 3556 653 3630 sol
672 3582 713 3630 se
729 3553 870 3630 undir.
917 3558 976 3631 En
991 3557 1237 3633 mennscolo
1303 3579 1484 3629 occasum
1501 3578 1636 3631 causae
1652 3581 1786 3631 omnes
1802 3552 1841 3630 in
1850 3558 2042 3661 judicium
2059 3561 2232 3638 devenire

307 3723 373 3775 svn
395 3700 501 3775 sacir
524 3702 609 3775 luta
631 3699 733 3804 jamt
750 3726 833 3776 sem
853 3731 876 3779 a
895 3701 1073 3807 alpingi,
1104 3729 1152 3779 oe
1170 3730 1237 3781 svn
1300 3706 1464 3802 possint.
1531 3700 1610 3779 Hic
1638 3703 1723 3777 lites
1749 3705 1802 3778 ad
1824 3720 1965 3779 sortem
1990 3711 2224 3798 revocanda,

208 3842 210 3846 '
307 3844 399 3948 eipa
423 3834 547 3920 vinna
571 3871 618 3921 oc
641 3845 726 3922 sara
749 3866 791 3923 at
808 3857 941 3925 sbcom
962 3851 1086 3927 bllom
1105 3877 1152 3928 oc
1171 3877 1237 3929 svn
1297 3852 1521 3950 juramenta
1549 3848 1737 3939 dicenda,
1773 3857 1972 3955 omniaqve
2003 3863 2167 3931 actionis
2194 3869 2225 3931 et

307 4009 349 4069 ut
367 3999 536 4068 vbrnom
554 4019 638 4069 sem
656 3994 868 4107 aalpingi.
1303 3994 1537 4099 defensionis
1559 4010 1751 4070 momenta
1773 4003 1826 4071 ita
1845 4000 2103 4103 pmferenda,
2133 4018 2177 4078 ut
2192 4007 2220 4074 in

1304 4144 1466 4216 comitiis
1479 4140 1724 4243 generalibus
1729 4142 1825 4236 fieri
1839 4146 1950 4223 sciet.

421 4284 474 4361 Es
494 4310 616 4360 menn
642 4284 762 4363 balda
789 4294 982 4391 gbgnom,
1016 4295 1069 4390 pa
1093 4294 1240 4390 verber
1417 4262 1677 4389 Proferendas
1689 4314 1895 4365 causarum
1914 4301 2163 4372 aucton‘eates
2179 4321 2224 4372 re·

305 4433 420 4537 peim
451 4433 569 4523 sli'ct,
607 4458 691 4509 sem
719 4461 742 4508 a
771 4435 927 4539 alpingi
955 4433 1069 4510 haldi
1100 4434 1236 4537 Peim3
1305 4434 1494 4522 tinentes,
1526 4431 1690 4506 eundem
1718 4450 1865 4511 reatum
1895 4445 2124 4534 incurrunt,
2156 4445 2228 4520 acsi

306 4608 388 4658 enn
405 4581 518 4683 peirn
537 4607 560 4656 a
578 4588 654 4681 Par
671 4598 714 4658 nt
728 4579 857 4658 steina
875 4609 946 4657 um
964 4580 978 4656 i
995 4579 1239 4686 pingbrecco
1304 4581 1346 4652 in
1368 4583 1530 4656 comitir‘s
1553 4579 1799 4682 generalibus
1823 4590 2038 4680 retineant,
2074 4597 2117 4666 in
2140 4594 2229 4670 clivo

307 4725 356 4805 til
378 4726 506 4803 doms.
1304 4750 1393 4803 vero
1410 4724 1501 4830 fori
1529 4725 1695 4802 vernalis
1725 4728 1774 4804 de
1805 4729 1878 4806 boc
1908 4738 1949 4807 in
1972 4741 2046 4840 jus
2077 4741 2234 4817 vacandi

1303 4884 1412 4945 sunt.

329 5060 351 5099 ·..
421 5015 475 5093 Ei
499 5016 657 5118 (menn)
693 5041 764 5092 ero
791 5017 873 5096 bun
902 5019 1045 5124 qviper
1070 5013 1241 5120 qvaddir
1417 5013 1525 5117 Siqvi
1540 5021 1689 5095 viciniae
1708 5023 1954 5100 veridicorum
1972 5031 2091 5133 effati
2106 5050 2236 5132 postu·

307 5167 383 5268 pur
407 5187 452 5237 er
475 5162 615 5239 tolitar
640 5163 761 5266 qvipr
783 5165 857 5241 atti
881 5165 930 5240 til
954 5134 997 5240 ab
1017 5190 1155 5256 coma,
1188 5168 1240 5263 pa
1306 5161 1453 5249 bantur,
1479 5165 1520 5234 in
1537 5172 1685 5255 causis,
1710 5170 1845 5271 qvibus
1862 5174 2071 5251 dodeccdis
2088 5181 2242 5258 veridici

310 5307 401 5414 eigo
415 5308 508 5412 peir
523 5316 595 5414 pat
609 5328 652 5387 at
666 5312 747 5387 lata
765 5308 904 5387 stende
919 5309 1024 5417 syris
1036 5307 1241 5413 qvipburp
1305 5303 1582 5401 adhibeantur,
1608 5313 1656 5386 id
1677 5338 1748 5389 suo
1771 5319 1892 5421 effato
1914 5325 2148 5427 proferendo
2172 5327 2240 5402 ob·
