4522 5850
737 390 805 415 -·-
872 345 1079 433 CXLVII
1144 389 1214 412 -

47 606 132 678 tectus
159 600 348 703 pendebat,
388 626 524 701 qouque
546 598 636 698 juris
666 598 712 668 ab
742 594 928 667 adeersario
961 594 1112 691 denegati
1137 593 1386 667 vindicationem
1414 596 1566 669 maxime
1587 599 1787 699 perplexam
1814 588 1930 677 redde-

47 737 165 837 bant').
222 745 295 817 Sed
312 745 351 817 lei
369 745 608 845 reprehensores
629 769 698 813 non
720 740 1019 813 animadverterunt
1039 767 1139 840 qcam
1161 740 1367 839 impcq'ectus
1388 742 1533 813 oliamm
1555 746 1704 842 gentium
1732 747 1813 818 ordo
1832 748 1931 845 judi-

48 895 146 969 ciarius
178 892 290 965 medio
324 917 394 962 cero
417 890 543 989 suerit,
583 886 668 959 adeo
697 900 734 957 ut
760 888 793 957 si
817 912 892 957 cum
921 884 986 957 boc
1013 886 1071 957 rite
1098 898 1307 985 comparetur
1332 886 1539 974 lslandicus,
1578 887 1796 963 admirationi
1814 894 1932 993 potius

50 1065 128 1140 qeam
154 1040 260 1137 justa
295 1036 536 1134 reprehensioni
567 1034 659 1105 locus
682 1033 785 1132 soret.
851 1029 899 1102 Id
931 1033 1081 1103 maxime
1116 1028 1328 1102 laudandum
1358 1032 1448 1132 qcad
1471 1038 1822 1108 consacramentalium
1850 1067 1931 1112 cesus

50 1182 100 1258 tue
117 1180 234 1257 Codice
261 1182 449 1279 neutiqearn
477 1178 687 1261 admittatur,
722 1177 778 1276 qvi
802 1176 838 1247 iu
865 1174 942 1247 aliis
967 1178 1057 1247 terris
1084 1177 1404 1276 septemtrionalibus
1429 1188 1479 1249 tot
1499 1180 1652 1278 pcq’urirs
1679 1208 1802 1253 ansam
1830 1183 1929 1270 dedit,

52 1342 82 1401 ut
100 1354 165 1400 raro
193 1327 296 1398 lusus
315 1328 448 1423 justam
475 1324 733 1422 satisfactionem
763 1320 907 1392 obtinere
929 1334 1059 1419 posset,
1090 1349 1165 1393 cum
1193 1349 1262 1393 non
1289 1322 1398 1394 solum
1425 1325 1556 1396 amicus
1581 1327 1707 1413 amico,
1737 1327 1861 1402 vicenus
1882 1334 1931 1403 ei-

53 1473 108 1545 tino
128 1500 171 1545 ex
199 1500 229 1545 er
254 1471 326 1541 cori
350 1470 520 1569 opinione,
551 1467 613 1539 sed
636 1482 666 1553 et
693 1466 809 1537 omnia
837 1464 986 1537 sodalitii
1006 1465 1133 1555 (Gildae
1156 1465 1249 1555 dicte)
1271 1468 1424 1539 membra
1448 1470 1518 1540 sibi
1536 1471 1669 1543 imicem
1693 1499 1737 1543 ea
1759 1476 1841 1574 ipsis
1861 1475 1931 1549 bu-

49 1616 276 1713 iussocietatis
309 1613 436 1713 legibus
467 1613 567 1685 talem
602 1640 738 1712 operam
772 1639 826 1683 reo
857 1624 1018 1709 prostare
1049 1626 1229 1684 tenerentur
1244 1600 1305 1700 ”).
1372 1610 1615 1686 Solennitatum
1636 1618 1931 1723 fhnnulamneque

56 1775 259 1863 conopionem
287 1762 321 1831 in
350 1760 448 1831 omni
471 1772 548 1830 actu
561 1759 698 1856 sarensi
723 1784 805 1829 usus
828 1784 891 1855 per
915 1784 950 1827 se
978 1757 1250 1830 commendabilis
1277 1760 1375 1830 tricas
1403 1759 1531 1858 qeidcrn
1560 1775 1590 1832 et
1613 1763 1831 1839 cavillationes
1856 1768 1930 1843 ideo

53 1910 164 2007 peperit,
198 1906 290 2008 qood
312 1905 455 1976 minirna
482 1906 527 1976 ab
556 1904 610 1975 bis
638 1904 800 1975 aberratio
829 1915 933 1974 totam
962 1931 1101 1974 causam
1132 1904 1181 1975 ecl
1196 1904 1424 2002 justissimam
1453 1908 1587 1991 eitiaret,
1621 1908 1683 1978 scd
1705 1909 1783 1981 lruic
1809 1913 1936 1986 abusui

58 2066 187 2150 qeontum
212 2050 298 2151 steri
325 2053 437 2151 potnit
469 2050 591 2147 egregio
620 2048 744 2146 judicii
773 2050 914 2149 qoinarii
939 2050 1082 2120 instituto
1110 2051 1244 2121 obeiam
1272 2051 1357 2119 itum
1384 2062 1441 2121 est.
1507 2050 1580 2123 Sed
1594 2052 1809 2126 ‘lslandicum
1831 2056 1933 2155 judi-

10 2227 13 2282 ;
59 2195 155 2269 eonem
183 2196 333 2269 ordinem
360 2220 437 2294 pree
464 2194 539 2267 aliis
566 2193 777 2266 commendat
805 2194 897 2294 qeod
919 2195 1026 2295 legum
1053 2208 1303 2295 transgressores
1329 2222 1486 2267 accusare
1513 2196 1668 2296 pluribus
1700 2200 1732 2296 sji
1756 2197 1863 2299 efficii
1887 2204 1936 2276 eel

57 2345 200 2439 peculiaris
228 2370 305 2413 cum
333 2340 413 2413 tuso
442 2342 678 2439 corqunctionis
706 2368 812 2413 causa
839 2341 1021 2439 irq'urutum
1050 2353 1147 2425 esset,
1185 2353 1217 2411 et
1246 2341 1308 2413 nbi
1331 2368 1383 2412 res
1410 2344 1547 2440 majoris
1573 2348 1735 2416 momenti
1759 2360 1936 2422 censeretur

11 2503 17 2520 ·’
61 2490 197 2589 accusatio
233 2488 393 2559 omnibus
425 2486 548 2557 civibus
577 2499 720 2586 pateret,
755 2487 921 2586 justisque
951 2488 1104 2586 prumiis
1141 2487 1193 2558 ad
1223 2486 1287 2559 leoc
1321 2514 1447 2559 munus
1480 2488 1671 2561 obeundum
1707 2492 1932 2567 recitarentur.

54 2628 164 2711 'Deinde
190 2633 329 2705 detentio
352 2632 576 2731 probatioque
603 2633 778 2703 criminum
806 2660 844 2705 eo
859 2633 1003 2731 facilior
1022 2632 1234 2717 reddebatur,
1265 2633 1355 2733 qeod
1371 2661 1440 2706 non
1463 2633 1572 2705 solum
1595 2636 1630 2706 in
1651 2636 1846 2723 leomicidio,
1875 2638 1939 2713 sed

10 2818 12 2824 .
62 2777 128 2849 den
151 2780 226 2852 aliis
253 2777 391 2861 delictas,
426 2776 522 2848 veluti
531 2778 631 2873 sarto
657 2790 851 2878 stuproque,
885 2778 997 2849 mitior
1015 2804 1128 2875 poeno
1151 2780 1274 2849 crimen
1298 2780 1529 2877 manfiestauti
1550 2779 1599 2850 cel
1617 2778 1784 2878 confitenti
1802 2810 1935 2883 remque

63 2920 181 2997 ablatam
210 2924 333 3024 palam
360 2921 546 3023 possidenti
570 2934 694 2993 statuta
721 2934 803 2994 esset
828 2948 928 3023 qoam
958 2920 1109 2991 delictum
1139 2920 1315 2992 ocndtauti
1339 2934 1370 2991 el
1396 2921 1577 3017 deneganti.
1643 2922 1810 2995 Praeterea
1837 2927 1935 2999 coriis

64 3068 151 3141 nelis
176 3072 347 3170 provisum
367 3069 444 3167 suit
470 3095 512 3139 ne
538 3068 642 3140 litium
671 3069 780 3138 cubus
806 3067 908 3138 nimis
930 3065 1242 3165 procrastinaretur,
1277 3092 1339 3165 qvo
1364 3065 1522 3165 pertinuit
1548 3063 1693 3163 definitio
1722 3068 1826 3141 brevis
1851 3083 1936 3143 tem-

61 3216 128 3307 poris
156 3217 243 3287 intro
277 3214 366 3315 qood
393 3216 479 3286 actio
511 3211 712 3285 instituenda
741 3223 842 3298 esset,
878 3211 1151 3310 brevissimaeque
1177 3211 1334 3281 tenniuus
1362 3210 1539 3295 citationiS,
1573 3210 1769 3312 plemmque
1796 3217 1937 3318 qunque

67 3363 198 3448 noctium,
236 3362 334 3433 sicuti
365 3362 401 3431 in
432 3358 618 3457 Nomegia,
656 3357 810 3455 idemque
839 3356 1074 3457 peremtorias,
1113 3354 1198 3427 adeo
1234 3355 1305 3425 sine
1340 3356 1473 3454 repetita
1509 3359 1714 3431 renovatione
1747 3360 1783 3432 in
1814 3362 1936 3438 Dania

10 3537 19 3608 q
68 3528 111 3577 uu
130 3509 312 3608 legibusque
335 3519 461 3606 recepta
475 3491 555 3590 m).
618 3503 818 3602 Qeareqvam
846 3502 992 3573 leistoria
1017 3498 1231 3572 Islanclorum
1259 3500 1444 3599 set-’pissime
1472 3498 1618 3588 doleant,
1648 3503 1740 3604 qood
1761 3508 1796 3578 ei
1819 3535 1843 3579 o
1865 3536 1937 3609 po-

10 3643 13 3720 i
68 3652 222 3725 meatem
244 3651 471 3751 procederetur
496 3661 597 3750 atquc
615 3648 706 3749 jures
728 3647 924 3746 proscripta
948 3646 1085 3744 impune
1112 3644 1319 3731 ec'olarcntur,
1348 3671 1417 3716 non
1442 3658 1555 3718 tamen
1581 3646 1622 3719 de
1647 3648 1721 3749 ipso
1747 3649 1862 3725 ordire
1875 3655 1938 3753 ju-

10 3743 29 3886 ξ’
70 3790 172 3869 littorio
206 3808 387 3898 qeeruutur.
452 3793 603 3867 Mutatio
639 3793 739 3891 liujus
772 3790 898 3863 ordinis
933 3816 1010 3863 eum
1038 3788 1191 3861 Islondio
1218 3788 1369 3888 Regibus
1395 3788 1574 3891 Norvegioe
1605 3793 1815 3893 subjiceretur
1846 3802 1938 3873 noeis

128 4138 154 4209 *b
187 4142 266 4203 Vide
291 4141 457 4200 Arueeenie'
480 4140 641 4199 Islonclske
665 4140 863 4215 Rettergang
879 4158 915 4215 p.
933 4141 985 4197 19.

118 4270 156 4344 “b
184 4278 249 4355 Csr.
275 4297 342 4354 queo
367 4271 430 4331 leue
453 4274 491 4331 de
516 4295 549 4331 re
573 4275 642 4332 dixi
666 4276 701 4333 ia
724 4276 998 4331 commentatione:
1032 4270 1092 4329 Om
1122 4272 1159 4329 de
1185 4272 1294 4348 gomis
1319 4273 1465 4331 Danskee
1490 4273 1729 4332 Retssaecleoner
1754 4296 1788 4353 p.
1808 4276 1873 4334 227
1898 4298 1938 4336 es.

174 4378 296 4435 Mirum
317 4378 423 4452 prima
439 4374 535 4449 facie
559 4374 698 4445 uidetur,
723 4374 805 4452 qvod
827 4371 895 4430 lereo
919 4372 1068 4429 sodalitia
1093 4374 1128 4429 in
1153 4382 1216 4429 toto
1242 4373 1455 4448 septemtrione
1476 4372 1575 4429 medio
1598 4393 1663 4431 oeeo
1678 4372 1940 4452 freqventieeima

177 4480 209 4533 in
232 4475 381 4536 lelandia
412 4494 571 4551 nunquam
601 4472 808 4542 obtinuerint,
841 4472 896 4529 sed
925 4470 1020 4543 liujus
1045 4474 1184 4528 instituti
1209 4490 1272 4527 noa
1296 4490 1386 4529 usum
1410 4470 1481 4529 inde
1506 4483 1607 4529 ortum
1631 4474 1830 4543 crediderim,
1862 4474 1943 4552 qood

178 4580 382 4651 magistratus
406 4572 562 4632 Islan-dici
587 4568 702 4653 (godor)
727 4592 759 4628 se
782 4590 886 4627 eorum
901 4571 1098 4646 formationi
1123 4571 1338 4647 opposuerint,
1363 4590 1400 4626 ne
1426 4573 1467 4627 iio
1491 4590 1594 4630 eorum
1620 4574 1655 4629 in
1676 4573 1809 4630 curiales
1831 4582 1940 4630 aucto·

177 4678 256 4734 ritas
278 4675 526 4741 imminueretur,
551 4672 683 4751 quodque
707 4670 854 4731 lelandia
879 4670 985 4725 nullas
1009 4668 1096 4726 urbes
1121 4681 1149 4726 et
1176 4672 1350 4746 rrucnicipio
1375 4667 1520 4741 liaberet,
1545 4691 1613 4749 qvae
1637 4670 1753 4729 talium
1776 4667 1941 4729 sodalitio·

179 4794 264 4844 rum,
297 4791 474 4853 quanquam
499 4791 570 4829 rure
595 4789 656 4829 uon
680 4772 910 4845 incognitorum
934 4767 1017 4826 sedes
1030 4768 1126 4845 ficere
1145 4771 1328 4845 potissimoe.

109 4890 162 4970 ἥ’)
188 4906 401 4975 Incommode,
435 4906 516 4985 qnod
538 4904 609 4963 inde
633 4924 683 4961 reo
709 4900 974 4981 reprobationibus
1000 4920 1061 4960 non
1085 4904 1197 4958 statim
1221 4902 1372 4957 instructo
1397 4902 1476 4958 oriri
1496 4903 1621 4977 potuit,
1653 4920 1687 4957 eo
1713 4902 1940 4975 occurrebatur,

182 5006 256 5083 qeocl
286 5008 444 5063 actionum
475 5004 732 5061 instituendorum
759 5004 916 5079 prteeiam
947 5004 982 5059 in
1003 5000 1081 5077 juro
1114 5000 1380 5057 dereuneiutiouem
1406 4996 1551 5060 adbibere
1571 5000 1634 5078 soe
1658 5012 1752 5072 esset,
1783 5016 1874 5083 utque
1900 5004 1946 5064 ad

182 5106 345 5164 interdieta
372 5106 485 5181 sceptus
506 5108 645 5182 primum
669 5112 848 5161 recurretur.

1660 5200 1717 5274 te
