4522 5850
165 1552 580 1676 Commentatio
612 1557 882 1674 historica
913 1583 970 1674 et
1002 1563 1196 1674 critica
1226 1553 1299 1672 de
1333 1552 1555 1672 Codicis
1588 1554 1793 1719 Grbgbs
1824 1560 2042 1717 origine

569 1726 832 1870 nomine,
880 1718 1166 1865 fontibus,
1214 1715 1408 1835 indole
1438 1743 1495 1834 et
1520 1716 1667 1833 fatis.

753 1969 903 2044 Auctore
928 1958 1001 2047 Jo.
1031 1927 1106 2045 Fe.
1138 1955 1247 2046 Guil
1275 1954 1475 2072 Scblegel,

166 2099 249 2180 Regi
267 2122 289 2161 a
314 2101 465 2165 Consiliis
479 2103 759 2191 Consutntiurum,
780 2104 872 2169 RU-
893 2106 1041 2168 1)ῡοί·ώέ
1062 2102 1149 2186 Ptlfi
1172 2110 1205 2164 ’θ’
1235 2103 1323 2165 υῆἶθ·
1343 2107 1452 2167 ΗΜ·
1467 2105 1636 2184 plenario,
1658 2103 1821 2169 Asetssore
1842 2102 1956 2163 sturmi
1974 2099 2042 2163 tribe

590 2191 672 2252 ”5²5⁸
693 2194 788 2264 mhi
816 2188 938 2250 ordini!
959 2192 1041 2273 regit
1058 2193 1204 2272 equestris
1221 2187 1361 2250 Danebr.
1385 2186 1652 2249 commendatore.
1753 2206 1756 2210 ·
1887 2204 1896 2212 ·

1067 2390 1097 2487 g,
1131 2393 1166 2467 t.

277 2534 347 2614 De¹
373 2537 523 2638 prima
556 2538 816 2640 reipublicte
848 2536 1094 2614 Isiondietr
1130 2539 1448 2613 constitutione
1480 2537 1663 2638 ejusque
1697 2534 1960 2637 defectibus.

167 2653 357 2818 Nomegia
388 2744 412 2791 a
442 2745 527 2792 novo
555 2720 741 2793 monartba
771 2716 924 2792 Haraldo
954 2715 1201 2794 Pulchricomo
1233 2718 1395 2802 mbaeta,
1432 2714 1568 2817 quidam
1597 2715 1715 2788 incola
1742 2741 1886 2817 crugero
1910 2715 2042 2820 ptlsin

166 2860 309 2933 insidias
333 2862 402 2936 sibi
423 2875 597 2950 uuunt,
629 2865 799 2968 multoque
819 2864 935 2966 plures
958 2891 1024 2938 sua
1048 2874 1181 2965 sponte,
1213 2889 1337 2936 nouum
1364 2863 1482 2964 quippe
1500 2863 1626 2960 jugum
1653 2885 1737 2958 agre
1751 2862 1916 2961 serentes,
1948 2863 1983 2935 in
2004 2886 2042 2934 ez

165 3007 241 3078 teris
266 3008 454 3108 regionibus
478 3008 572 3082 sedes
592 3005 769 3108 ficentnt,
806 3009 869 3084 sed
892 3010 1107 3111 patruinum
1138 3009 1175 3081 t'n
1201 3006 1356 3085 Islartdt'a
1383 3035 1407 3082 a
1434 3006 1542 3079 Scotis
1568 3007 1632 3078 siue
1658 3004 1840 3094 Hibernis,
1877 3020 1916 3078 ut
1942 3006 2042 3080 eideu

162 3152 259 3247 prius
279 3165 442 3251 occupata
464 3152 541 3224 detis
562 3181 633 3225 uem
656 3144 872 3241 dereb'eta'),
907 3158 1003 3253 cujus
1025 3154 1178 3227 notitiam
1204 3151 1341 3255 quidam
1366 3153 1571 3252 nau'gmores
1595 3149 1791 3226 audaciores
1812 3177 1830 3221 e
1852 3151 2042 3252 populan'bn

247 3432 280 3503 *J
304 3433 428 3493 Errant
454 3423 633 3492 recentiores
657 3438 839 3513 scriptorve,
864 3437 917 3514 9νί
936 3434 1118 3494 Islaruliam
1139 3456 1161 3493 a
1182 3436 1339 3511 Noruegis
1356 3437 1498 3513 primum
1522 3433 1673 3492 detectam
1687 3434 1794 3511 fuisse
1816 3434 1956 3493 tradunt.
2001 3433 2042 3496 D<

302 3536 369 3592 cuit
401 3537 483 3593 enim
516 3536 762 3613 antiquissimum
775 3533 930 3594 lelandioe
962 3533 1236 3612 historiographos
1260 3533 1352 3595 Arius
1375 3532 1476 3597 Frode
1507 3552 1561 3590 nee
1593 3554 1656 3590 non
1688 3544 1782 3591 autor
1812 3537 2007 3593 narrationis
2036 3563 2042 3587 e

299 3637 406 3711 prima
431 3634 582 3695 Islandioe
607 3636 806 3712 occupatione
831 3654 854 3694 a
879 3635 1036 3711 Noruegis
1056 3633 1157 3713 facta
1183 3628 1439 3713 (Inndntme-b.)
1464 3635 1500 3689 in
1517 3633 1650 3709 prologo
1676 3653 1769 3691 notus
1794 3633 1851 3692 bos
1877 3627 2014 3694 aulum

305 3724 452 3791 orientali
482 3733 577 3806 liujus
607 3735 720 3793 insane
747 3745 842 3811 parte
873 3736 1025 3811 (Papeya
1056 3744 1086 3792 et
1110 3733 1248 3811 Papyli)
1281 3732 1427 3810 quosdam
1453 3730 1651 3791 Christianos
1681 3737 1846 3809 reperisse,
1881 3755 1955 3813 quos
1983 3735 2042 3811 Pup

303 3832 461 3891 uocabant
471 3873 483 3901 ,
521 3835 574 3910 qui
606 3845 710 3891 autem
742 3832 922 3892 lelandiarn
956 3834 1172 3912 Noruegorum
1205 3831 1341 3890 aduentu
1375 3831 1579 3910 reliquerunt,
1613 3851 1719 3910 eosque
1752 3833 1909 3892 Hibernos
1943 3839 1990 3906 (s.
2018 3831 2042 3890 lt

305 3930 430 4002 baumer)
446 3930 553 4008 fuisse
578 3931 649 3990 inde
673 3932 842 4010 colligunt,
868 3931 949 4012 quod
964 3943 1083 4009 praeter
1108 3933 1179 3990 alia
1204 3930 1279 3989 libri
1304 3930 1432 4008 quidam
1456 3931 1567 4006 lingua
1584 3929 1794 3990 Hibernorum
1817 3935 1986 4010 conscripti
2003 3948 2042 4010 put

306 4049 409 4088 eorum
435 4029 556 4088 abitum
581 4034 693 4108 reperti
714 4032 850 4112 fuerint.
910 4031 1099 4116 Gunlaugue
1123 4043 1152 4089 et
1177 4029 1285 4090 Odelue
1309 4031 1344 4087 in
1368 4029 1504 4089 historia
1530 4028 1608 4088 Olai
1638 4031 1770 4107 Tryguii
1797 4044 1881 4109 part.
1900 4033 1941 4093 II
1968 4036 2042 4109 capt

302 4151 333 4207 p.
362 4133 403 4188 10
435 4148 498 4187 non
528 4130 627 4188 solum
656 4149 726 4189 curn
756 4130 807 4190 leit
838 4135 1031 4190 consentiunt
1038 4172 1051 4201 ,
1086 4130 1141 4189 sed
1162 4141 1192 4188 et
1217 4128 1313 4188 Bedoe
1337 4131 1543 4189 testimoninm
1568 4129 1640 4186 licet
1663 4129 1791 4188 bebium
1816 4131 1991 4200 adttocant,
2016 4149 2042 4208 qn

306 4229 428 4306 Angloe
463 4227 582 4287 Tluelen
612 4249 664 4298 eo,
698 4249 755 4308 qvo
785 4232 912 4308 scripsit
942 4241 1092 4309 tempore,
1128 4227 1262 4308 adeoque
1292 4227 1385 4286 initio
1418 4228 1521 4287 Seculi
1551 4230 1654 4287 oetaui
1675 4228 1895 4309 frequentasse
1926 4232 2042 4310 affirnt't

305 4327 457 4388 Pluribus
481 4327 542 4386 bac
566 4327 602 4386 de
627 4348 660 4386 re
684 4332 749 4405 egit
773 4329 811 4390 N.
827 4330 870 4390 M.
886 4332 1026 4392 Petereen
1054 4329 1094 4390 V.
1111 4330 1157 4389 Ol.
1183 4332 1219 4388 in
1242 4332 1498 4386 commentatione
1522 4326 1558 4385 de
1579 4325 1713 4385 historia
1733 4330 1887 4388 lelandioe
1906 4332 1961 4390 sub
1979 4329 2042 4389 lilen

305 4427 463 4506 republica
493 4426 629 4486 nondtern
658 4430 740 4506 typis
771 4428 943 4497 mandata,
978 4450 1072 4508 quam
1098 4427 1245 4506 preelegit
1278 4426 1427 4484 Societati
1456 4429 1552 4500 regiae
1584 4429 1720 4504 antiquis
1750 4429 1922 4487 Islandicis
1953 4430 2042 4507 scripti

305 4527 492 4604 evulgandis
516 4524 632 4585 dicatoe
658 4526 730 4604 (csr.
758 4527 882 4586 Landn
907 4529 943 4585 in
960 4527 1043 4605 prol.
1063 4547 1097 4607 p.
1121 4530 1168 4598 2).
1221 4526 1288 4605 Cfr.
1311 4525 1412 4584 Finni
1432 4523 1601 4584 Joltannoei
1625 4525 1697 4584 bist.
1723 4528 1792 4584 eccl.
1823 4530 1892 4587 Vol.
1909 4528 1936 4588 Ι.
1959 4551 1989 4608 p.
2005 4528 2042 4585 1-4

306 4626 465 4706 Arngrimi
493 4631 672 4700 conjectura
701 4627 735 4684 in
761 4626 945 4705 Crymogoea
973 4648 1005 4704 p.
1033 4630 1072 4685 21
1103 4629 1267 4706 proposita
1298 4623 1355 4685 bos
1387 4624 1492 4683 Scotos
1515 4623 1621 4701 fuisse
1648 4628 1841 4702 piscatores,
1867 4631 2042 4705 piscatione

301 4747 399 4807 prope
422 4727 602 4788 lelantlt'am
628 4736 814 4795 exercentes,
847 4728 925 4805 ipsis
942 4727 998 4784 sui
1022 4726 1161 4805 reliquiis
1185 4727 1220 4782 in
1243 4723 1388 4786 teteutta
1414 4727 1561 4802 repertis,
1595 4723 1701 4794 libris,
1733 4726 1896 4804 refellitur.
1957 4729 2042 4788 Prin

307 4842 410 4887 tamen
442 4828 652 4907 occupationis
683 4824 867 4904 temporibus
891 4824 983 4902 suere
1014 4825 1156 4884 nonnulli
1185 4843 1300 4903 quoqtu
1324 4824 1459 4883 Hiberui
1490 4834 1518 4880 et
1546 4824 1631 4882 Scoti
1660 4829 1713 4903 qui
1743 4829 1778 4883 in
1802 4827 1951 4886 Islandia
1981 4825 2042 4887 setle

295 4929 434 5004 figerent
459 4928 516 5006 esr.
533 4926 657 4987 Landn.
673 4926 714 4985 B.
739 4925 780 4984 P.
792 4924 819 4984 l.
845 4944 871 4982 c.
886 4927 923 4982 11
948 4925 1031 4984 e.15
1049 4933 1079 4981 et
1099 4944 1170 4983 cum
1185 4925 1380 5000 potissimum
1394 4921 1518 4998 fundos
1536 4925 1572 4981 in
1587 4936 1681 5001 parte
1702 4928 1849 4984 orientali
1868 4944 2042 5005 occupassen

309 5026 380 5085 inde
405 5030 438 5085 in
466 5030 630 5087 itinerario
656 5022 725 5088 Olti
750 5033 780 5082 et
802 5023 953 5087 Paulsonii
985 5021 1030 5082 II.
1061 5042 1093 5100 p.
1121 5019 1184 5080 846
1217 5021 1376 5098 colligitur
1400 5021 1550 5100 quasdam
1575 5042 1660 5081 uoces
1686 5029 1892 5101 peregrinas,
1925 5027 2042 5106 quaein

307 5126 383 5185 cola
408 5124 504 5198 liujus
530 5136 650 5184 tractus
675 5133 849 5203 usurpant,
879 5125 933 5202 9νὶ
956 5124 1139 5200 cultroquin
1166 5122 1309 5199 linguam
1333 5120 1528 5180 Itlamlicarn
1549 5124 1716 5199 purissime
1741 5125 1924 5202 loquuntur,
1955 5147 1992 5184 ex
2015 5123 2042 5182 ln

307 5227 543 5299 immigratione
568 5225 720 5300 originem
744 5225 887 5281 traxisse.
