4522 5850
779 294 1214 405 --·465--

54 559 299 666 canendag
326 560 445 658 vibo,
481 564 535 667 pn
561 564 684 664 verpe
710 530 825 638 hann
853 558 989 666 ntlegt·
1052 560 1116 638 dis
1140 561 1220 639 diei
1236 557 1371 658 finam
1394 558 1477 638 'sibi
1501 564 1737 640 mansionem
1766 586 1845 659 non
1875 584 1982 639 sum·

46 712 112 785 :111
133 709 337 785 mbrkum.
1053 715 1170 801 serit,
1203 715 1316 785 trium
1343 735 1557 786 marcarum
1585 709 1742 812 multam
1768 711 1980 810 expendat.

168 854 222 930 Et
235 863 392 958 mepta
413 855 535 948 bono,
554 862 606 958 po
626 854 707 931 soal
726 851 839 931 hann
858 822 992 957 fengit
1172 859 1341 934 Uxorem
1360 854 1508 961 babens
1526 857 1744 954 tumfiaom
1763 861 1802 932 ei
1815 862 1982 933 mansio·

15 1051 21 1060 -
47 997 151 1079 baia
174 997 302 1077 henni
330 1002 444 1106 grip,
475 1028 524 1078 oc
547 1017 633 1106 sagt
657 999 786 1077 benni
810 1001 857 1076 til
882 999 986 1075 hinu
1054 1033 1141 1082 nem
1159 1006 1363 1105 stipuletur
1377 1019 1418 1105 et
1433 1004 1482 1080 de
1502 1005 1575 1080 boc
1596 1029 1681 1080 earn
1702 1006 1902 1081 certiorem
1911 1005 1982 1108 fa·

52 1147 133 1227 vsa
165 1144 243 1252 dag
275 1147 366 1239 vico
377 1200 392 1240 ‚
430 1156 482 1255 pi
516 1175 561 1225 er
593 1150 668 1229 vlt
700 1148 814 1226 vicar
845 1174 914 1225 ero
946 1144 993 1224 ai
1052 1159 1153 1244 ciat,
1181 1136 1372 1231 senissimo
1395 1156 1522 1254 quinto
1542 1150 1607 1226 die
1627 1150 1872 1228 hebdomadis
1891 1179 1981 1231 cum

44 1293 182 1371 ‘sumti
211 1311 253 1371 et
277 1294 461 1400 siparsta.
529 1298 595 1374 Nu
623 1322 669 1373 er
694 1293 823 1373 benni
852 1286 990 1398 ofeng·
1052 1315 1196 1400 septem
1225 1298 1373 1375 testatis
1400 1297 1650 1374 hebdomata
1672 1313 1845 1399 peractae
1872 1313 1979 1374 sunt.

52 1439 129 1516 inn
155 1449 266 1543 stupe
290 1467 357 1519 sva
385 1459 428 1518 at
452 1439 537 1517 hou
564 1441 638 1518 viti
650 1496 665 1536 ,
699 1450 751 1548 Pa
767 1464 821 1518 'er
842 1457 923 1518 rett
945 1457 988 1516 at
1054 1445 1113 1522 At
1128 1473 1175 1521 eo
1194 1460 1377 1546 tempore,
1403 1461 1583 1551 quantum
1601 1451 1691 1535 scit,
1714 1446 1902 1520 domIciiio
1917 1473 1982 1522 ca·

47 1581 138 1660 hon
167 1586 249 1699 tuiti
276 1614 341 1664 ser
364 1589 464 1693 grip
486 1597 563 1691 por
587 1615 671 1666 sem
698 1586 781 1664 bon
805 1587 904 1680 vill,
939 1611 986 1661 00
1054 1610 1112 1670 ret
1133 1621 1258 1682 uxor,
1293 1608 1373 1667 tum
1395 1599 1478 1693 ipsa
1501 1592 1716 1695 ubicunque
1738 1593 1897 1668 voluerit
1916 1593 1982 1667 do-

53 1733 136 1809 scal
160 1730 244 1808 hon
270 1743 380 1837 pann
405 1745 493 1839 step
515 1744 566 1841 pa
588 1732 683 1811 hafn
703 1737 780 1814 XII
796 1739 984 1835 manain.
1053 1741 1232 1817 micilium
1265 1738 1340 1815 sibi
1371 1742 1511 1844 eligat,
1549 1767 1620 1844 qvo
1652 1742 1736 1817 toco
1767 1743 1881 1814 etiam
1912 1764 1983 1838 per
2093 1777 2100 1795 ι

52 1880 121 1957 Nu
147 1874 254 1955 hefir
276 1889 393 1983 mapr
417 1882 496 1986 eigi
524 1891 613 1986 step
637 1882 747 1985 Peim
772 1885 983 1970 mfinnom,
1053 1913 1204 1965 menses
1216 1888 1413 1963 duodecim
1428 1885 1701 1991 subsequentes
1714 1899 1883 1960 maneat.
1910 1884 1985 1988 Qui

52 2022 355 2115 etbannscel
389 2027 641 2134 syrirhyggia
674 2027 748 2103 inu
780 2024 878 2113 essia
908 2022 987 2101 sat*
1052 2032 1293 2122 homiuibus,
1327 2030 1461 2134 quibus
1479 2041 1694 2133 prospicem
1717 2046 1891 2121 tenetur,
1926 2031 1982 2104 ui·

48 2171 157 2276 (³⁸82
191 2142 249 2277 PR
270 2173 529 2277 ver-p1·hann
558 2176 692 2277 utlagr
717 2176 775 2249 111
801 2170 986 2246 mbrltom
1055 2181 1498 2283 timodt'emigrationum
1513 2186 1747 2273 mansionem
1762 2177 1980 2283 finam-non

54 2316 126 2418 vil)
148 2316 277 2395 hvarn
299 2290 461 2424 peiren,
496 2347 592 2425 oca
617 2347 659 2397 sa
682 2326 749 2396 siro
772 2325 909 2421 pessa,
943 2329 1016 2393 er'
1052 2342 1310 2426 comparatam
1337 2325 1476 2414 babet,
1506 2352 1577 2423 pra
1604 2351 1823 2428 quocunque
1850 2350 1986 2399 eorum

52 2463 165 2541 obbia
188 2466 277 2544 vill.
574 2500 579 2527 ·
1056 2479 1167 2547 trium
1183 2499 1397 2548 marcarum
1412 2473 1570 2546 multam
1584 2475 1795 2572 eaependat.
1828 2472 1986 2547 Valenti

1053 2621 1140 2695 boec
1157 2643 1278 2695 causa
1294 2619 1442 2721 agenda
1459 2619 1642 2722 defertur.

105 2801 110 2811 ·
169 2747 290 2863 Malu·
316 2761 396 2838 scal
424 2788 491 2839 sva
519 2788 632 2838 cama
660 2760 708 2836 til
738 2754 870 2863 grips,
903 2780 987 2832 sem
1166 2761 1237 2841 Ad
1277 2752 1513 2839 mansionem
1554 2763 1801 2839 domesticam
1812 2815 1829 2852 ,
1872 2789 1982 2865 qvam

10 2950 12 2955 ·
55 2899 170 2979 bano
193 2934 264 2982 var
285 2927 408 3015 osattr
425 2911 496 3012 rip
518 2867 674 3000 bonde,
704 2901 987 3007 annattveggiu
1054 2918 1134 3018 quis
1152 2910 1227 2987 sibi
1241 2911 1445 3008 stipulatus
1462 2923 1538 2998 est,
1567 2934 1611 2984 se
1630 2913 1785 3009 referat,
1816 2910 1876 2984 vel
1892 2926 1985 2986 tem·

54 3066 98 3127 et
116 3048 325 3158 fardiigom
347 3065 419 3159 epr
436 3074 478 3133 at
495 3057 624 3161 mipio
642 3051 787 3132 sumti·
1050 3062 1444 3161 pone-migrationum,
1471 3056 1532 3131 vei
1547 3057 1671 3131 media
1688 3070 1842 3143 testate,
1869 3069 1985 3155 prout
2073 3095 2078 3104 ·

1053 3210 1155 3279 inter
1173 3231 1261 3280 eum
1285 3205 1488 3304 iterumque
1510 3217 1755 3278 conuenerat.

109 3438 111 3443 k
169 3345 387 3450 Karimapr
422 3350 518 3428 xvt
552 3366 665 3426 vetra
701 3355 775 3450 epe
810 3349 902 3455 qllri
940 3376 989 3427 oc
1170 3351 1215 3424 V
1210 3355 1245 3424 ir
1262 3349 1425 3426 sedecim
1447 3373 1636 3423 annorum
1660 3364 1775 3423 natus
1798 3347 1859 3423 vel
1876 3347 1985 3421 adul·

58 3517 157 3570 mter
198 3494 325 3598 t'vitog
366 3504 438 3598 elur
478 3496 570 3572 ellri
611 3497 719 3574 scolo
758 3495 856 3574 siais
891 3506 988 3599 rapa
1056 3504 1152 3588 tior,
1184 3511 1227 3574 et
1248 3499 1349 3598 virgo
1373 3496 1593 3570 vicennan‘a
1616 3494 1678 3568 vei
1696 3494 1885 3581 adultior,
1920 3491 1987 3566 ubi

54 3637 348 3745 heimilisfnngi
379 3643 484 3718 sino.
1054 3647 1292 3719 mansionem
1316 3643 1567 3717 domesticam
1587 3640 1664 3716 sibi
1687 3626 1825 3743 eligere
1847 3641 1988 3714 vellent
2116 3736 2123 3747 ·

1054 3794 1128 3893 ipsi
1146 3793 1392 3891 prospiciant.

200 3934 293 4008 Rett
329 3959 374 4010 er
407 3949 450 4010 ot
483 3941 600 4036 mapt·
633 3934 740 4012 comi
775 3934 789 4011 i
825 3935 915 4041 grip
946 3951 989 4012 at
1173 3936 1226 4011 Ut
1250 3935 1374 4010 media
1402 3948 1540 4010 astate
1566 3941 1648 4038 quis
1673 3933 1725 4007 ad
1750 3937 1985 4006 mansi0nem

53 4075 190 4181 mipio
206 4081 333 4157 sumti
357 4108 404 4158 oc
428 4081 514 4187 ipni
534 4099 659 4159 annet
676 4081 816 4186 partil.
978 4063 981 4071 ’
1054 4084 1275 4185 stipulatam
1298 4106 1343 4157 se
1367 4082 1508 4186 referat
1528 4097 1570 4158 et
1589 4107 1635 4157 eo
1659 4102 1776 4182 usque
1794 4077 1875 4151 alia
1897 4102 1986 4174 ope·

1056 4248 1181 4320 retur,
1199 4231 1274 4337 fas
1291 4243 1365 4303 e'st.
1697 4227 1703 4239 '

339 4474 455 4560 LIV.
495 4474 712 4562 Csnmnt.
980 4562 985 4569 ,
1288 4454 1299 4467 ’
1355 4470 1537 4556 Titanus
1570 4465 1687 4553 LIV.

141 4670 151 4677 ·
272 4634 342 4711 Oi
381 4637 774 4741 ve1·ka-kaup.
1255 4634 1336 4711 De
1374 4635 1789 4732 manupretio.

53 4755 152 4895 Nu
180 4818 303 4895 vinnr
330 4794 446 4920 mepr
471 4818 650 4913 buverk,
687 4827 740 4921 pa
767 4819 848 4895 son}
876 4816 989 4894 hann
1056 4761 1163 4895 Ubi
1178 4820 1262 4921 qvis
1279 4826 1464 4917 (tempore
1482 4817 1750 4920 migrationum
1767 4810 1820 4887 ad
1835 4810 1991 4885 domici·

57 4964 141 5067 eigi
164 4966 291 5041 meisa
316 4965 423 5070 keup
448 4967 536 5042 take
563 4992 640 5040 enn
667 4963 784 5041 halfe·
801 4972 911 5047 mbrc
935 4968 990 5042 VI
1057 4966 1152 5040 lium
1175 4990 1218 5042 se
1238 4966 1427 5069 reserens)
1444 4968 1567 5062 operis
1585 4961 1745 5064 quotidie
1762 4962 1989 5033 necessariis

58 5113 152 5188 alna
174 5140 268 5188 aura
291 5111 336 5189 til
360 5113 462 5213 mips
481 5138 651 5188 sumens.
703 5114 759 5185 En
782 5108 842 5186 ssa
863 5109 991 5211 mipio
1043 5109 1246 5217 fungitur,
1269 5111 1499 5185 admediana
1521 5133 1636 5211 usque
1654 5121 1828 5182 aestatem
1848 5128 1990 5177 mence-

58 5259 186 5341 sumsi
202 5258 282 5336 scal
301 5256 409 5332 ltnnn
425 5244 546 5336 vinna
562 5255 694 5334 bonde
710 5258 785 5333 allt
801 5257 846 5332 til
860 5273 993 5330 vetrae
1058 5259 1117 5332 tiis
1144 5258 1229 5333 ioco
1256 5259 1356 5332 ultra
1380 5259 1646 5333 semimarcam
1673 5256 1890 5347 (unciarum
1905 5276 1990 5323 ‘nu-

1000 5404 1050 5479 59
