4522 5850
902 319 1332 408 —CXLV—

1051 560 1080 656 ς.
1114 562 1176 639 u.

440 710 508 785 De
542 713 717 787 meritis
755 710 937 785 Codicis
975 705 1159 809 Grcigeis
1191 714 1378 812 eju-sque
1412 713 1665 814 multiplici
1696 740 1787 788 usu.

323 888 395 961 Ad
420 893 537 963 merita
567 892 700 966 Codicis
731 886 870 993 Greigcis
899 893 957 965 rite
980 889 1160 992 pensando
1186 892 1356 993 reqebitur
1380 906 1419 965 ut
1444 905 1576 965 atatem
1605 894 1756 995 sponda,
1792 907 1977 996 terramque
2005 900 2067 971 ubi

165 1034 363 1133 compositus
389 1048 541 1109 estante
568 1040 683 1111 oculos
708 1038 855 1124 babeas,
894 1064 1037 1137 eumque
1070 1066 1147 1110 cum
1183 1038 1259 1110 aliis
1291 1038 1418 1137 legibus
1451 1040 1597 1139 q'usdem
1633 1041 1698 1112 ceri
1725 1052 1757 1113 et
1780 1042 1844 1113 sub
1872 1040 2069 1116 iisdem'rel

170 1188 317 1274 moretum
334 1176 421 1277 fieri
439 1194 550 1281 potest
571 1184 741 1281 proximis
768 1180 1014 1256 conditionibus
1039 1184 1242 1255 concinnatis
1268 1186 1429 1285 corderas.
1485 1182 1528 1256 Si
1550 1186 1638 1257 enirn
1664 1184 1820 1259 cordatus
1841 1186 1939 1259 lector
1963 1190 2067 1259 menti

174 1344 234 1391 sesa
256 1322 339 1395 bene
366 1324 503 1397 beculcet
528 1326 564 1397 in
592 1328 702 1399 insula
725 1326 842 1429 plaga
867 1330 1141 1429 septemtrionalis
1167 1330 1406 1414 remotissima,
1444 1355 1520 1402 cum
1552 1331 1672 1430 reliqna
1699 1344 1858 1403 terrorum
1887 1333 1966 1404 orbe
1992 1357 2061 1404 non

177 1464 229 1537 n'st
251 1497 314 1568 per
347 1470 495 1569 singulus
526 1472 718 1571 navigantes
744 1474 939 1572 conjuncta,
976 1473 1067 1547 bunc
1096 1472 1250 1547 Codicsm
1279 1476 1371 1547 initio
1398 1477 1527 1575 qeidcm
1555 1474 1666 1548 Sccnli
1690 1476 1894 1560 duodecimi,
1932 1477 1995 1550 sed
2017 1506 2061 1550 ex

174 1609 242 1704 tm's
265 1616 395 1687 nonnis
425 1644 490 1688 usu
516 1619 595 1716 jam
623 1618 771 1719 longam
797 1621 932 1720 receptis
958 1620 994 1691 in
1021 1622 1216 1721 scripturam
1232 1622 1347 1722 suisse
1374 1620 1562 1708 redactum,
1600 1650 1669 1693 non
1697 1622 1780 1693 satis
1806 1623 1983 1694 mirabitur
2008 1624 2064 1721 spei

126 1785 131 1829 ε
171 1752 281 1849 foetum
303 1762 365 1846 sit,
395 1774 433 1833 ut
459 1790 504 1835 ex
530 1764 596 1836 bac
624 1765 734 1836 insula
761 1792 832 1837 oeeo
861 1766 945 1837 adeo
974 1765 1053 1837 rudi
1076 1777 1213 1865 tamque
1239 1767 1358 1867 iniqeis
1385 1766 1627 1840 conditionibus
1651 1770 1715 1841 tale
1740 1768 1950 1867 legislationis
1974 1793 2060 1867 opus

126 1895 140 2000 j
177 1904 335 1999 profectum
362 1909 422 1993 sit,
460 1908 553 2010 qood
580 1922 629 1982 tot
657 1921 817 2012 tantoque
842 1912 967 1983 solertis
993 1912 1116 2009 engenii
1140 1912 1270 2010 rarique
1298 1914 1463 1983 acuminis
1490 1910 1689 1983 documenta
1716 1912 1885 1985 ealribcat.
1951 1910 2058 1983 Nulla

126 2043 139 2112 i
175 2042 239 2135 jun's
253 2046 422 2138 Romani,
452 2054 573 2152 exrgrreo
584 2056 674 2153 juris
686 2054 853 2154 pontificii
867 2056 1013 2141 uuerbe,
1042 2056 1113 2127 solo
1121 2058 1200 2154 sere
1209 2058 1298 2155 justi
1311 2056 1503 2157 barrestique
1519 2084 1618 2129 sensu
1636 2057 1728 2131 ducti
1742 2058 1966 2130 intellexerunt
1982 2054 2063 2156 qei‘l

126 2209 141 2366 i
180 2186 297 2293 noges
323 2198 512 2298 respublica
539 2199 753 2272 Islandarum
780 2200 1002 2302 recipiendum
1030 2200 1112 2303 qnid
1135 2202 1383 2300 reprobandum
1411 2213 1501 2275 essct.
1572 2202 1743 2301 Qearstum
1775 2204 1902 2277 cultura
1933 2202 2060 2275 distant

128 2377 136 2431 ,ξ
180 2336 327 2437 “luobus
355 2355 493 2415 veterum
521 2344 702 2417 Britanum
730 2347 817 2418 intro
833 2344 930 2446 fines
956 2344 1026 2422 W
1018 2348 1153 2419 alloniee
1180 2346 1398 2434 irselusarum,
1435 2360 1595 2449 quaestum
1623 2377 1647 2421 o
1674 2346 1902 2421 Hibemomm
1933 2347 2058 2447 legibus

126 2465 136 2526 ἶ
180 2484 308 2583 ostiens,
348 2516 432 2588 qeas
467 2488 629 2562 '’Brebon
659 2490 761 2564 lam''
790 2505 922 2579 nocant,
959 2506 1118 2594 qeatcnus
1147 2520 1207 2565 eas
1237 2494 1412 2567 norimus!
1445 2494 1502 2566 lece
1530 2508 1643 2567 tameo
1671 2508 1783 2595 gentes
1813 2494 1945 2567 meliore
1975 2492 2056 2565 ob'rn

130 2656 133 2662 ·
181 2640 239 2700 soro
262 2634 439 2707 utebantur
458 2663 564 2736 ‚qvam
592 2635 728 2709 Islandi
749 2650 781 2710 et
802 2665 867 2738 pro
894 2638 1033 2711 modulo
1061 2642 1132 2738 ep'ns
1159 2640 1315 2739 tempon's
1342 2642 1424 2712 satis
1451 2640 1547 2712 culta
1575 2642 1620 2713 ab
1650 2642 1771 2741 origine
1785 2642 1896 2741 sucre.

320 2778 426 2879 Qvod
443 2785 519 2884 flos
554 2783 730 2855 lectissima
757 2784 987 2883 Nomcgorum
1022 2786 1058 2856 in
1086 2783 1276 2857 Islandiam
1311 2786 1495 2883 rnrgrraecrit
1529 2784 1583 2857 nd
1612 2784 1677 2858 boe
1710 2783 1949 2884 explicandum
1985 2810 2055 2855 reon

126 2947 128 2959 ·
180 2919 292 2994 multum
316 2925 435 3024 facere
470 2928 610 3013 n'rletur,
648 2930 682 3000 si
713 2930 899 3001 ursirersum
932 2929 1022 3000 bunc
1043 2930 1211 3029 populum
1239 2955 1384 2999 summae
1412 2928 1525 3001 adbuc
1551 2930 1721 3001 barbariei
1744 2940 1816 2999 tum
1845 2927 1959 2999 adbuc
1985 2929 2055 2999 im-

180 3088 293 3141 mamm
333 3074 510 3145 existbncs.
581 3072 654 3146 Sed
689 3072 764 3146 leae
805 3072 976 3145 barbaries
1017 3102 1086 3147 non
1127 3073 1212 3146 adeo
1255 3099 1384 3172 magna
1411 3074 1489 3172 suit
1528 3101 1628 3174 qoam
1665 3075 1815 3172 gentium
1851 3073 2053 3172 septemtrio-

180 3210 278 3285 rubum
319 3244 397 3289 cum
438 3220 556 3291 extens
591 3231 663 3289 tum
699 3218 886 3291 domesticis
921 3217 1157 3292 detractoribus
1191 3215 1344 3319 effingere
1377 3218 1524 3317 placuit,
1569 3218 1644 3291 deis
1671 3220 1755 3318 jura
1792 3238 1823 3291 et
1858 3186 1942 3317 leges
1971 3220 2069 3316 p'am'*

179 3348 248 3453 longe
268 3373 344 3433 ante
371 3391 540 3435 sacrarum
572 3362 835 3437 Christianorum
858 3364 1032 3464 publicam
1061 3364 1276 3464 adoptionem
1303 3364 1338 3435 in
1367 3365 1421 3436 ln's
1446 3366 1538 3437 terris
1562 3364 1666 3435 multo
1686 3364 1768 3465 plus
1792 3365 1924 3437 exculto
1937 3365 2064 3463 suisse

180 3523 254 3595 evan
276 3507 303 3577 ii
327 3520 525 3608 agareiseunt,
562 3510 619 3610 cpi
640 3511 710 3582 sibi
733 3510 905 3583 historiam
931 3510 1153 3609 temporisque
1175 3508 1311 3607 pristini
1335 3508 1584 3609 descriptionem
1611 3537 1655 3581 ea
1681 3511 1875 3581 notionibus
1900 3536 1925 3579 a
1947 3507 2055 3609 priori

179 3662 267 3745 mepte
293 3654 421 3752 brgcnio
444 3655 633 3755 sonnant,
662 3656 748 3755 ipsa
770 3657 958 3755 prissanum
985 3667 1274 3725 monumentorum
1303 3654 1443 3753 reliquia
1470 3656 1654 3727 etiamnum
1681 3654 1780 3725 nobis
1806 3667 1941 3727 semota
1968 3654 2051 3725 satis

179 3812 310 3893 meroque
338 3811 506 3871 testantur.
571 3799 631 3871 Ee
657 3802 849 3872 memoratis
875 3826 944 3871 non
971 3827 1053 3871 sane
1079 3797 1324 3871 contemnendis
1341 3800 1499 3895 sontibus
1525 3798 1697 3872 lslanrlica
1728 3793 1866 3897 Greigcis
1892 3814 1966 3871 orta
1993 3812 2049 3885 est,

179 3932 227 4001 sed
242 3940 313 4013 adea
336 3956 436 4017 aneto
461 3956 563 4045 atque
587 3943 764 4016 emendata
790 3971 858 4015 reon
874 3943 1015 4044 suisset,
1045 3958 1083 4015 ut
1108 3970 1237 4014 eoaeas
1263 3944 1346 4041 leges
1372 3946 1648 4044 septemtrionales
1671 3942 1856 4043 plurimum
1884 3956 2052 4045 superaret

179 4076 493 4187 &jurisprudentia
509 4090 658 4162 studirem
676 4091 718 4162 ob
737 4091 872 4189 majora
888 4090 1115 4173 enectamcnta,
1146 4089 1263 4189 aribus
1280 4090 1316 4158 in
1333 4087 1488 4160 Islande‘a
1496 4090 1698 4190 fruebatur,
1727 4102 1766 4161 ut
1781 4104 1881 4163 antea
1894 4090 2050 4191 pluribus

181 4230 306 4318 reposui,
333 4234 388 4305 ln’e
408 4237 511 4308 multa
532 4238 642 4336 magis
665 4262 765 4336 qvam
787 4234 873 4307 alibi
887 4246 1079 4335 promotum
1087 4233 1222 4332 suisset.
1280 4231 1370 4304 Hae
1389 4234 1479 4331 jun's
1500 4235 1699 4332 prestantia
1726 4235 1762 4305 in
1785 4236 1942 4335 plurimis
1960 4237 2050 4334 juris

181 4373 292 4456 trennis,
319 4406 391 4476 quse
417 4408 514 4455 casus
537 4408 603 4454 usu
627 4381 743 4454 obuios
768 4380 818 4451 rel
839 4380 1042 4477 excogitatos
1062 4380 1181 4450 sistunt
1201 4404 1321 4477 eosque
1342 4378 1500 4449 subtiliter
1518 4406 1609 4449 more
1630 4378 1867 4451 Romanomm
1890 4380 2049 4452 elirr‘rnimt

181 4508 329 4614 usibusque
348 4522 407 4594 illo
424 4526 509 4621 juris
530 4528 687 4610 materia,
716 4528 753 4598 in
775 4554 840 4627 qra
862 4537 1043 4607 versantur,
1069 4525 1202 4624 penitus
1221 4551 1286 4622 pro
1303 4524 1410 4623 gentis
1431 4522 1610 4596 Islandiece
1631 4525 1765 4608 usibus,
1795 4522 1989 4597 eebonritur
2001 4512 2043 4611 ')

181 4646 256 4725 Hoee
276 4662 460 4762 legs'slatorio
481 4671 659 4770 prudentia
685 4695 755 4743 non
780 4672 891 4745 solum
919 4674 954 4744 in
974 4673 1051 4768 jure
1073 4670 1157 4743 ce'vili
1176 4696 1245 4740 sese
1266 4670 1402 4752 cxserit,·
1434 4669 1613 4743 sedetiam
1637 4672 1751 4755 iniis,
1785 4696 1858 4767 qva
1881 4668 1933 4739 ad
1951 4694 2046 4738 oeco-

179 4800 2044 4839 w-

248 4893 275 4963 *)
302 4900 379 4957 Cave
411 4912 513 4959 tamen
542 4925 579 4961 ne
609 4910 764 4967 existimes
794 4928 896 4969 omnes
922 4910 1007 4978 juris
1038 4926 1165 4965 normas
1191 4910 1225 4963 in
1249 4905 1397 4965 lelandia
1422 4904 1527 4963 liberoe
1551 4904 1728 4983 reipublicae
1752 4916 1884 4979 tempore
1908 4908 2044 4981 argentes

296 4998 325 5053 in
347 4998 457 5056 Codice
481 5002 605 5078 Greges
629 5019 776 5065 accurate
799 5012 955 5066 recenseri.
1008 5006 1121 5063 Plures
1147 5018 1251 5063 antem
1276 5008 1407 5062 omissas
1431 5024 1493 5061 esse
1516 5005 1618 5061 multa
1644 5004 1759 5063 adsunt
1784 5001 1920 5073 irulieia,
1949 5017 1984 5063 ue
2010 5010 2046 5063 in

300 5096 358 5168 ipsa
382 5097 468 5155 Dios.
490 5104 609 5176 passim
632 5106 738 5174 irsnui,
763 5126 856 5184 neqve
876 5127 936 5183 pro
962 5106 1049 5163 modo
1058 5148 1070 5174 ,
1096 5127 1153 5185 qno
1178 5104 1230 5162 leic
1256 5104 1358 5165 Cocles
1382 5103 1538 5183 confectus
1552 5104 1646 5181 suit,
1672 5103 1729 5165 leoc·
1752 5104 1853 5164 vitari
1868 5108 1972 5179 potuit
1980 5148 1991 5174 ,
2017 5108 2046 5162 si

302 5192 342 5247 rel
362 5200 495 5255 maxime
518 5198 555 5257 id
572 5204 672 5261 vitare
696 5204 903 5275 studuissent,
935 5226 996 5283 qva
1021 5206 1058 5261 de
1082 5226 1115 5263 re
1139 5204 1233 5263 ualde
1257 5204 1370 5263 dubito.
1634 5190 1638 5198 ¹

1806 5303 1824 5373 t
