4522 5850
921 350 1355 442 -cxbll-

185 611 268 684 sen
287 606 449 707 empne,
476 602 531 677 uc
552 600 733 703 perperus
754 610 786 672 e
806 570 1010 670 amnon
1031 596 1197 671 aenea.
1252 593 1433 671 ouercam
1455 598 1643 699 ,omnm
1664 596 1933 692 (emtarum),

187 753 321 827 [dandi
335 750 449 825 mrn'to
462 748 654 849 gloriantur,
676 744 840 845 Narvegcs
857 754 894 816 ut
910 742 1035 817 cotecis
1046 744 1281 842 gentibussuit
1296 744 1510 844 incognitum.
1556 744 1721 821 Actiones
1731 748 1918 849 populares
1932 748 1966 819 in

187 898 246 971 dia
266 925 311 971 ca
330 896 396 995 iege
403 897 609 996 frequentes,
640 892 675 963 in
697 888 868 991 Noreegr’a
888 889 1079 963 rarissima.
1135 886 1409 961 Jurisdictionem
1430 890 1719 991 patnmoreialem,
1750 920 1851 993 qoam
1873 892 1931 965 ies
1956 903 1966 963 t

185 1042 433 1144 magistratibus
456 1034 626 1111 ''Gabar’'
649 1034 744 1109 dictis
762 1036 890 1122 tribuit,
911 1036 973 1135 jus
995 1033 1216 1132 Narvrgicum
1238 1034 1378 1133 epactae.
1434 1033 1591 1109 Potestas
1604 1036 1732 1136 judicis
1748 1038 1966 1140 provincialis

185 1186 299 1278 made)
326 1186 363 1257 in
389 1182 559 1283 Nonegra
585 1182 631 1257 ab
660 1208 718 1268 ea,
755 1208 857 1283 qoam
883 1176 1151 1276 Lsgsbgomadr
1177 1179 1213 1251 in
1239 1178 1394 1253 Isiaredia
1420 1181 1608 1269 exercebat,
1637 1184 1764 1257 ratione
1791 1196 1824 1256 et
1848 1184 1966 1257 durati

185 1332 336 1406 ambitus
362 1328 544 1434 drffircbat.

353 1474 397 1549 In
409 1477 502 1576 jure
518 1472 648 1576 qeidem
669 1472 779 1545 civili
794 1472 954 1573 priuato
972 1470 1185 1571 potissimum
1203 1472 1239 1544 in
1256 1472 1314 1545 eila
1327 1484 1439 1572 parte,
1469 1500 1543 1572 qva
1559 1501 1829 1575 personarum
1849 1475 1964 1562 audet,

186 1624 315 1728 quidem
337 1634 511 1696 occurrunt
530 1622 567 1692 in
589 1620 707 1721 quibus
729 1630 861 1721 uterquc
885 1613 1004 1688 Codex
1026 1619 1213 1719 conspirare
1234 1618 1373 1704 eidetur,
1402 1618 1548 1741 cedson
1569 1646 1659 1721 aqec
1679 1621 1760 1693 bene
1777 1648 1854 1692 cum
1864 1624 1966 1722 jure.

186 1783 218 1843 et
239 1797 257 1843 c
279 1768 425 1841 Danicis
440 1766 653 1867 potissimum
675 1791 753 1835 cum
775 1762 932 1846 Seanico,
960 1761 1023 1833 sed
1039 1762 1072 1834 si
1090 1764 1221 1860 singrda
1243 1764 1356 1863 capita
1375 1765 1526 1835 exactius
1546 1768 1697 1866 carpetas
1716 1764 1893 1839 discrimen
1913 1770 1966 1841 ira.

187 1915 336 1987 invenies.
392 1909 448 1983 Ita
475 1938 503 1983 o.
522 1936 551 1981 c.
579 1936 625 1983 ea
643 1910 720 2007 p'ure
743 1906 889 1981 Galensi
911 1933 939 1979 c.
958 1907 972 1979 1
1000 1904 1115 2008 (apud
1128 1907 1297 1980 Pausium
1326 1908 1356 1981 l.
1388 1906 1456 1997 73)
1484 1912 1706 1982 maruemtssio
1733 1914 1818 1983 servi
1840 1940 1918 1985 cum
1947 1942 1965 1987 c

188 2038 412 2149 (Falsis-Ol)
439 2054 597 2155 inpensis
622 2053 729 2125 liberti
740 2052 907 2153 facienda
934 2080 979 2125 ea
997 2056 1074 2152 jure
1094 2052 1238 2151 Noreeg.
1260 2050 1489 2152 Leysingsliig
1516 2084 1544 2127 c.
1567 2054 1589 2127 6
1619 2068 1650 2129 et
1676 2085 1704 2130 c.
1727 2058 1751 2132 9
1781 2057 1896 2159 (apud
1917 2058 1965 2131 Pe

189 2201 219 2276 Ι.
248 2200 312 2274 80.
341 2198 411 2290 83)
418 2226 431 2285 ,·
463 2202 521 2299 csr.
548 2198 571 2272 1.
595 2198 704 2272 Fmst.
726 2197 882 2272 Haeanis
901 2196 1095 2271 Haeonidis
1120 2195 1166 2270 P.
1186 2196 1255 2272 XI.
1284 2226 1312 2272 c.
1336 2198 1385 2273 12
1415 2198 1530 2300 (apud
1546 2199 1716 2274 Pausiam
1744 2201 1793 2275 Π.
1819 2233 1858 2304 p.
1883 2202 1965 2295 132]

181 2352 301 2449 juncta
329 2372 399 2419 csse
426 2345 554 2430 debuit,
584 2345 626 2417 iis
652 2342 755 2415 modo
782 2341 918 2416 casibus
944 2343 1105 2443 exceptis,
1136 2370 1217 2444 aeos
1240 2372 1316 2447 cap.
1346 2344 1432 2417 SM*
1457 2360 1644 2431 enumerat,·
1672 2374 1717 2419 ex
1731 2350 1810 2447 jure
1830 2347 1965 2423 Isiandi

189 2498 280 2578 rtem,
309 2493 372 2565 scd
395 2504 509 2564 contra
536 2491 729 2590 exigebatur
754 2500 792 2561 ut
817 2516 841 2559 a
868 2489 1063 2585 magistratu
1091 2489 1127 2559 in
1155 2490 1313 2561 civitatem
1340 2493 1545 2592 reciperetur5
1572 2493 1760 2566 libertorum
1783 2496 1928 2568 conditio
1949 2524 1965 2570 e

189 2638 372 2737 Narvegico
409 2636 512 2709 multo
547 2634 661 2707 durim
681 2635 759 2735 suit
792 2660 892 2735 qoam
928 2658 974 2703 ea
1008 2630 1199 2719 lslandico,¹
1235 2635 1416 2737 abnepotes
1449 2638 1555 2709 liberti
1588 2665 1633 2710 ea
1668 2640 1724 2712 illo
1761 2640 1898 2714 demum
1929 2644 1965 2744 pt¹

188 2812 283 2855 mam
321 2784 498 2855 libertatem
535 2780 831 2879 consequebantur,
869 2804 913 2849 ea
949 2775 1015 2849 bae
1044 2793 1243 2879 pronepotes
1278 2780 1321 2870 (e.
1349 2780 1449 2881 Iegem
1478 2783 1689 2859 Frastcnscm
1717 2786 1872 2861 Haeanis
1898 2786 1965 2861 Ha

188 2928 226 3003 Ρ
252 2926 318 3003 XI
340 2955 368 3000 c.
392 2926 441 2999 10
469 2940 500 3000 et
521 2927 562 3000 11
589 2923 690 3027 apud
706 2924 877 2998 Pausium
901 2953 940 3024 p.
964 2921 1053 2997 130.
1077 2922 1182 3015 131).
1244 2924 1371 3025 Quoad
1391 2932 1599 3003 matn’monii
1620 2932 1857 3033 impedimenta
1883 2961 1965 3035 mag

186 3089 234 3149 ter
258 3076 324 3147 bas
349 3074 432 3172 leges
459 3086 573 3173 regnat
599 3072 777 3146 diversitas.
839 3070 999 3169 Quamvis
1023 3070 1137 3171 qeoad
1155 3072 1333 3145 mundium
1351 3076 1414 3174 jus
1437 3077 1501 3147 boc
1522 3074 1729 3149 islandicum
1756 3106 1832 3151 cum
1858 3080 1965 3178 lege(

189 3220 344 3293 Haeanis
365 3217 554 3288 Adeistcnii
578 3218 613 3286 in
641 3215 754 3285 multis
780 3204 1011 3303 conveniat¹),
1048 3242 1086 3288 eo
1113 3227 1227 3288 tamen
1254 3221 1389 3291 nominc
1415 3222 1583 3321 insigniter
1608 3222 1810 3322 discrepant,
1848 3223 1943 3325 qood

188 3389 258 3435 non
293 3361 344 3433 uti
377 3388 421 3432 ex
455 3360 522 3430 bac
551 3370 698 3431 tencatur
722 3368 853 3429 tantum
881 3358 1022 3454 coeffene
1049 3359 1184 3429 mundii
1207 3366 1358 3448 nominc,
1397 3380 1557 3466 quantum
1587 3368 1787 3441 recordatis
1815 3368 1965 3459 (heiman

188 3535 293 3581 eausa
320 3532 432 3579 secum
460 3504 601 3577 attulerit
629 3532 658 3576 e.
685 3501 709 3576 1.
740 3498 822 3574 Get.
850 3502 886 3571 in
913 3511 987 3572 sect.
1017 3500 1058 3571 de
1085 3505 1297 3577 matrimonio
1325 3536 1352 3579 c.
1379 3506 1401 3581 lc
1431 3536 1490 3581 nec
1517 3538 1586 3582 non
1613 3516 1648 3583 in
1675 3525 1749 3585 sect.
1779 3513 1821 3587 dc
1846 3513 1955 3588 bared.

189 3653 304 3754 (apud
326 3649 495 3725 Pausiam
524 3649 554 3723 I.
586 3649 637 3725 70
666 3660 698 3721 ct
718 3642 813 3735 128)
829 3634 892 3733 ⁴³).
962 3644 1066 3743 Qvod
1096 3671 1187 3715 uxor
1215 3674 1260 3719 ca
1293 3663 1431 3752 utraque
1465 3656 1532 3754 Iege
1566 3659 1797 3731 communione
1827 3663 1910 3734 inter
1934 3690 1964 3737 cc

188 3797 334 3869 stabilita
368 3797 513 3866 trientem
550 3792 653 3865 morio
690 3795 819 3893 capiat,
852 3790 968 3890 prima
982 3792 1080 3891 saeie
1106 3788 1207 3862 sideri
1227 3798 1404 3894 possitae
1430 3802 1463 3871 si
1487 3801 1551 3875 boc
1577 3830 1622 3875 erc
1649 3804 1716 3902 Iege
1745 3804 1888 3879 Guicnsi
1913 3835 1964 3880 eoe

190 3971 216 4015 c.
240 3938 262 4011 3
287 3970 326 4040 p.
350 3938 400 4015 70
427 3938 463 4008 in
491 3936 697 4009 Islandicam
724 3938 913 4035 migrasset,
949 3935 1125 4007 sedidem
1153 3963 1285 4038 quoque
1307 3942 1509 4044 pn'ncrpium
1536 3948 1572 4019 in
1598 3948 1724 4045 legibus
1749 3951 1964 4051 antiquis-'Se

190 4089 272 4179 (nan
303 4080 508 4172 Gothorum)
534 4092 681 4154 seruatur
704 4080 801 4155 aelecti
832 4080 1043 4181 Upiandica,
1074 4078 1142 4153 W
1135 4086 1357 4171 estmannica,
1386 4084 1664 4165 Sudennannica.
1726 4093 1772 4165 In
1798 4100 1939 4171 mutena

189 4234 251 4306 teia
279 4234 313 4303 in
341 4229 417 4301 aliis
443 4228 649 4309 canoeniunt,
683 4226 720 4297 in
748 4226 823 4297 aliis
845 4226 1029 4325 plurimum
1057 4224 1252 4326 discrepant.
1318 4228 1413 4301 lttad
1434 4246 1545 4305 autern
1575 4236 1749 4311 discrimen
1774 4242 1928 4342 inprimis
1953 4274 1964 4317 ι

265 4590 298 4659 e)
329 4586 370 4644 In
393 4596 524 4661 utraque
548 4582 614 4657 lege
637 4602 759 4639 summa
784 4580 913 4653 definita
937 4592 983 4637 est
1007 4602 1074 4660 qeae
1101 4582 1146 4641 ad
1167 4587 1330 4644 minimum
1349 4576 1472 4648 mundii
1491 4592 1614 4646 nomine
1635 4590 1759 4661 darula,
1785 4596 1840 4653 sed
1857 4618 1894 4655 cx
1915 4602 1964 4677 teg

317 4684 381 4761 gde
404 4694 473 4741 erat
499 4700 564 4739 una
589 4700 701 4739 marea
727 4680 886 4756 (argenti)
911 4680 966 4738 ced
987 4700 1025 4739 ee
1050 4681 1180 4741 Gutenet
1202 4686 1347 4745 Ilaeonc'e
1371 4690 1414 4747 12
1439 4708 1545 4757 auree,
1577 4688 1711 4769 adeoque
1734 4694 1864 4753 dimidio
1888 4705 1964 4773 maj,

321 4798 389 4843 acto
413 4785 514 4843 urscioe
538 4800 682 4841 marcam
704 4780 851 4859 ffeiant.

249 4936 298 5002 st)
331 4936 401 4993 Hoc
425 4932 544 5013 quidem
569 4933 668 4990 serius
692 4930 938 4989 calecamentum
960 4942 1021 5000 cet,
1046 4930 1102 4989 sed
1123 4944 1227 4993 tamen
1251 4938 1413 5017 antiquum
1437 4943 1545 5019 qnippe
1569 4942 1664 5019 qaod,
1689 4954 1724 5001 ut
1750 4946 1815 5022 ipse
1840 4946 1943 5007 Coelae

261 5082 266 5091 .
321 5032 376 5089 sub
401 5033 524 5109 regibus
545 5032 627 5091 Otao
649 5042 679 5089 et
699 5034 825 5109 Magno
844 5027 1020 5090 conditum'
1061 5032 1129 5092 Lex
1155 5034 1335 5111 Upieendiea
1359 5038 1440 5096 idem
1459 5043 1651 5117 principium
1676 5043 1771 5101 aliter
1795 5056 1824 5102 et
1848 5050 1963 5123 origine

254 5146 259 5155 ·
321 5130 368 5185 dii
391 5128 528 5209 dotisque
551 5134 657 5208 magia
680 5130 879 5209 conformiter·
901 5130 1066 5209 exprimit,
1090 5132 1164 5191 ‹btm
1188 5136 1255 5195 vice
1276 5156 1368 5196 versa
1388 5148 1515 5199 statuat
1536 5140 1617 5219 qvod
1634 5140 1689 5198 doe
1710 5139 1789 5203 dona
1807 5151 1963 5209 matutino

321 5228 386 5286 loco
411 5232 532 5287 mundii
554 5242 672 5307 recepto
696 5230 873 5307 respondere
896 5232 1003 5293 debeat
1008 5252 1024 5307 ,·
1054 5230 1180 5320 Αιῷδ.
1194 5232 1240 5311 st·
1256 5234 1316 5295 IV
1333 5239 1419 5305 s.1.
