4522 5850
888 369 1350 462 -CXVIII-

164 642 276 705 buron
296 623 387 701 nuile
408 605 576 726 qusmodi
593 618 717 695 occulto
740 619 815 693 cr‘tio
836 619 1060 706 laborantem,
1090 619 1181 722 qood
1197 620 1290 694 illam
1312 621 1347 695 si
1364 622 1588 725 semlbsoret
1607 625 1805 701 contb'trbnrs
1823 628 1971 703 miraris
1987 657 2002 732 p

166 773 305 878 upton
330 773 377 846 o.
406 796 435 843 c.
457 770 496 858 r,
531 765 564 840 r.
595 762 793 872 3167318.
844 765 889 840 st
912 736 1060 869 spemn
1083 766 1155 840 sne
1173 767 1270 866 jou
1288 794 1403 843 ω...
1431 775 1899 875 corrumpentium
1929 784 2002 878 αφ.

162 922 307 1025 pretium
333 915 485 992 emobnts
510 912 725 988 nibilominus
750 914 869 988 solvere
895 914 1084 999 tenebatur,·
1119 914 1153 988 si
1176 927 1289 988 autem
1316 913 1525 1015 despondens
1542 913 1654 1017 fidem
1683 919 1852 1008 violasset,
1877 923 2002 1024 soemi

167 1067 242 1141 ouo
268 1064 475 1139 laborantem
502 1060 638 1134 scienter
663 1059 899 1163 despondendo
926 1058 1118 1157 relegatione
1138 1059 1343 1161 plectebatur
1367 1088 1395 1133 c.
1417 1062 1437 1137 7
1467 1092 1508 1162 p.
1530 1059 1629 1149 313,·
1661 1066 1714 1137 sin
1742 1065 1831 1139 idem
1860 1095 2002 1141 consum

167 1214 289 1287 tionem
309 1208 517 1283 matn'rnonii
534 1220 621 1281 stato
645 1206 698 1280 die
719 1205 891 1308 impediret
910 1205 1040 1278 nullam
1062 1205 1211 1307 qvamvis
1223 1207 1356 1306 justam
1377 1209 1625 1282 excusatebnem
1647 1210 1787 1284 laudare
1804 1214 1934 1313 possit,
1963 1210 2002 1286 Ct

167 1385 236 1433 non
256 1356 366 1431 solum
387 1380 510 1458 sponso
527 1353 631 1457 plura
647 1355 738 1454 juris
756 1351 903 1427 remedi'a
922 1350 1129 1454 suppeditat,
1162 1351 1280 1454 qubus
1299 1365 1394 1426 utens
1414 1355 1666 1429 matrimonium
1685 1353 1842 1458 perficere
1858 1358 1988 1460 possit,

167 1519 201 1582 et
225 1504 335 1579 dotem
362 1503 557 1607 stipulatam
584 1512 780 1605 sumtusque
805 1500 1001 1601 nuptiancm
1026 1498 1177 1571 nancisci
1201 1496 1231 1570 I.
1255 1527 1294 1600 p.
1316 1494 1407 1571 313.
1463 1498 1641 1573 Foembroe
1669 1528 1850 1575 consensus
1876 1530 1950 1575 non
1974 1530 2002 1575 re

166 1654 303 1727 rebatur
327 1648 380 1724 ad
401 1649 648 1752 spoosalr‘rrmm
675 1645 875 1719 caliditatem
906 1645 973 1718 nisi
1001 1643 1101 1718 videta
1122 1644 1248 1745 suerit,
1286 1642 1350 1718 sed
1372 1642 1414 1717 de
1440 1645 1512 1745 ejus
1539 1664 1667 1750 pioque
1692 1648 1909 1721 matrimomo
1931 1661 2002 1750 potr

167 1800 205 1872 in
231 1797 309 1871 erbis
335 1808 431 1882 esset,
463 1793 632 1869 statuendi
654 1794 793 1866 liberum
808 1791 902 1892 suit,·
936 1788 996 1888 sp.
1024 1789 1102 1865 cl
1132 1788 1178 1881 (Ι.
1211 1786 1315 1880 306).

335 1938 525 2042 Sponsaliis
550 1938 610 2012 rite
631 1937 774 2041 peractis
800 1937 927 2037 nuptia
953 1937 1041 2010 r'ntra
1068 1963 1200 2009 annum
1228 1935 1433 2010 celebrandos
1460 1948 1569 2024 nant,
1605 1939 1675 2010 nisi
1698 1937 2002 2039 irnpedirnentmnr

169 2091 289 2164 ummo
315 2117 344 2163 v.
363 2114 392 2161 c.
419 2088 559 2160 morbus
583 2083 704 2186 sponsi
724 2108 895 2185 sponsoece
918 2083 1089 2168 obstiterit,·
1117 2094 1189 2155 tum
1217 2095 1330 2159 tamen
1357 2111 1426 2158 non
1454 2083 1540 2156 ultra
1567 2084 1691 2158 annale
1717 2097 1850 2187 tempus
1878 2083 2002 2188 dfferel

169 2250 240 2323 tur,
272 2262 334 2338 qno
361 2235 475 2336 elapso
502 2230 675 2335 sponsalia
702 2229 863 2305 dr'ssolrrta
889 2229 1102 2305 habebantur
1126 2228 1196 2302 nesi
1218 2242 1336 2304 mutuo
1364 2257 1525 2305 consensu
1553 2230 1652 2305 nlrud
1674 2244 1883 2319 statueretur,⁸
1916 2228 2002 2330 sp..

170 2396 201 2456 et
223 2380 322 2473 6·(Ι.
346 2412 386 2484 p.
409 2377 499 2455 310.
533 2375 640 2468 311).

338 2525 408 2601 Ad
438 2526 632 2627 nuptiarum
666 2521 829 2597 solemnia
859 2521 978 2598 Codes
1012 2511 1116 2599 modo
1151 2525 1280 2628 reqvirit
1310 2537 1349 2597 ut
1369 2523 1633 2628 procedentibus
1658 2524 1840 2625 sponsalis
1867 2528 2002 2600 consent¹

30 2653 35 2663 '
170 2676 224 2751 no
255 2676 313 2778 tti
338 2699 502 2778 sponsam
523 2673 602 2774 lm
632 2667 833 2771 despondere
858 2670 971 2773 potuit
999 2671 1106 2758 ''ff‘’
1137 2672 1310 2773 ''mhi’lu‘
1340 2672 1493 2743 emohnis
1519 2669 1572 2743 ad
1594 2671 1774 2743 mtu'mum
1801 2699 1930 2745 mm
1955 2700 2002 2773 mi

170 2848 276 2900 esce
303 2822 391 2894 ulnis
418 2819 598 2894 constantis
625 2844 649 2891 a
670 2828 769 2918 porte
794 2818 914 2918 sponsi
941 2818 1004 2893 sub
1035 2816 1258 2920 stipulationes
1282 2815 1360 2918 fide
1390 2818 1578 2919 promisso,
1615 2818 1797 2922 convicium
1834 2818 1984 2921 nuptiale

169 2969 286 3044 saltem
316 2965 452 3042 testibus
483 2963 707 3067 presentatus
736 2961 928 3051 baberetur,
965 2991 1111 3066 sponsus
1136 2990 1328 3065 sponsoque
1354 2962 1494 3037 eundem
1520 2963 1638 3037 lectum
1661 2965 1783 3066 palam
1813 2963 2002 3038 wnseender

169 3117 238 3213 Al).
264 3143 293 3190 c.
315 3111 338 3187 3
364 3111 410 3205 (Ι.
429 3109 524 3201 175)
548 3138 607 3185 nce
631 3138 702 3184 non
728 3107 788 3204 sp.
814 3139 843 3184 c.
866 3109 916 3186 51
942 3110 986 3203 (Ι.
1011 3109 1117 3201 378).
1172 3109 1325 3185 Pretium
1346 3110 1521 3212 emptionis
1543 3107 1702 3202 (mundr)
1723 3122 1824 3184 antea
1846 3109 2002 3212 qudem«

169 3273 275 3335 tractu
295 3257 490 3361 sponsalitia
512 3257 707 3356 stipulatum
729 3267 801 3327 tum
825 3254 961 3328 demum
984 3258 1171 3358 ocqeirebat
1190 3283 1279 3328 uxor
1298 3255 1361 3327 ubi
1378 3255 1630 3327 matrimonium
1652 3257 1882 3329 conscenscone
1898 3255 1989 3330 tbari
1999 3303 2002 3322 ‹

170 3417 379 3480 summatum
388 3402 511 3504 suerit,
541 3413 579 3473 ut
599 3398 696 3473 edicit
715 3396 776 3494 sp.
800 3426 828 3471 c.
851 3398 902 3471 50
926 3399 971 3490 (Ι.
999 3398 1112 3490 370),
1143 3400 1233 3501 qvod
1250 3398 1391 3471 ostendit
1410 3399 1473 3472 boc
1493 3397 1670 3472 ''munds”
1689 3399 1780 3473 dono
1803 3403 1985 3487 matutirw,

169 3579 241 3628 vcro
258 3549 403 3652 largitati
416 3547 621 3651 sponsalitiae
643 3572 716 3646 qeoe
737 3543 908 3619 dicebatur
924 3542 1187 3641 '’hekkiargitf'
1208 3569 1281 3645 qeoe
1300 3545 1413 3616 statim
1433 3543 1637 3633 solvebatur,
1666 3546 1873 3648 respondisse
1886 3536 1932 3639 ³).
1990 3545 2002 3620 l

169 3698 349 3782 solemnr'a,
387 3722 460 3797 qeoe
487 3721 565 3768 cum
593 3694 653 3778 iis,
691 3718 765 3794 qroe
791 3690 938 3766 bestorioe
964 3691 1143 3766 [sbrndicoe
1169 3691 1328 3774 mnuunt,
1364 3689 1447 3762 bene
1474 3693 1684 3778 conveniunt,
1717 3691 1795 3766 bede
1821 3693 1868 3766 ab
1898 3692 2002 3766 ethro'e

169 3855 313 3941 temmre
347 3839 500 3913 tereaeiter
533 3850 661 3911 servata
696 3838 825 3910 nullom
860 3837 1114 3916 cbristianorum
1148 3837 1252 3910 sacris
1281 3835 1416 3939 publice
1449 3837 1583 3938 receptis
1619 3839 1837 3911 mutationem
1872 3839 2001 3912 subiere

170 3984 417 4061 Benedictioms
442 3979 655 4055 sacerdotalis
681 3983 803 4056 nullibi
825 3984 947 4057 menti)
965 3980 1034 4082 fit,
1071 4010 1178 4085 neque
1203 3982 1256 4055 ad
1278 3981 1403 4055 cultum
1432 3981 1649 4057 christianum
1677 3984 1713 4055 in
1744 3981 1865 4058 Codice
1891 3997 2002 4057 nostro

249 4358 282 4429 *)
313 4352 399 4417 Idem
423 4354 534 4414 diserte
560 4355 702 4433 affirmat
725 4354 928 4416 Ladesta-S.
944 4360 979 4414 ὀ.
996 4351 1038 4413 43
1059 4375 1094 4432 p.
1112 4355 1175 4412 188
1201 4353 1259 4432 esr.
1285 4374 1311 4411 c.
1328 4349 1369 4411 34
1388 4375 1424 4431 p.
1442 4356 1504 4412 132
1532 4355 1571 4413 ib.
1597 4376 1622 4411 o.
1640 4359 1682 4412 20
1703 4375 1736 4432 p.
1753 4355 1805 4414 70.
1856 4354 1964 4433 Neqve
1990 4375 2002 4412 n

303 4457 377 4515 dum
401 4474 472 4514 eum
495 4454 664 4513 donatione
685 4468 812 4534 propter
836 4458 967 4532 nuptias
991 4456 1207 4514 Romanorum
1232 4453 1438 4524 miscendum,
1471 4476 1587 4531 semper
1619 4458 1701 4512 enim
1727 4455 1948 4531 proestandum
1978 4476 2002 4533 qr

302 4559 417 4618 cumeis
441 4555 531 4614 nullo
556 4554 610 4612 dos
636 4549 873 4635 (heimsnfylgis)
899 4553 1054 4632 stipulata
1069 4553 1194 4631 suerit,·
1220 4553 1294 4611 bine
1316 4557 1350 4611 in
1363 4554 1513 4631 formula
1536 4566 1715 4612 contractus
1738 4553 1920 4631 sponsalitii
1944 4549 1994 4643 sp.

299 4679 332 4738 p.
352 4658 414 4716 316
440 4659 509 4731 ejus
533 4655 645 4712 mentio
660 4654 709 4728 fit
732 4664 761 4711 et
787 4654 908 4730 soepius.
940 4653 998 4713 Kb.
1022 4672 1048 4711 o.
1072 4657 1101 4713 9.
1156 4654 1222 4731 Csr.
1249 4656 1335 4713 Dies.
1362 4673 1461 4713 meam
1486 4653 1522 4712 de
1547 4655 1621 4711 doni
1645 4657 1799 4711 matutini
1824 4655 1946 4730 origine
1972 4665 2002 4712 et

302 4759 389 4818 ribus
408 4754 573 4816 secundum
592 4754 674 4831 leges
693 4764 834 4822 exteros,
859 4752 915 4813 sed
922 4754 1123 4832 potissimrim
1137 4757 1270 4833 patrias
1287 4774 1356 4812 eum
1375 4756 1564 4834 antiqviores
1581 4767 1647 4813 turn
1665 4756 1845 4813 recentiores
1866 4751 1973 4833 Hafn.
1994 4760 2002 4813 1

303 4856 333 4916 4.
363 4857 473 4918 danim
497 4855 654 4916 redditam
678 4856 713 4914 in
736 4853 867 4914 Astreea
892 4873 913 4912 a
938 4872 985 4911 me
1010 4852 1096 4911 edita
1125 4855 1194 4915 Vol.
1214 4857 1235 4914 2
1254 4875 1288 4931 p.
1306 4857 1463 4915 202-210.
1886 4862 1890 4871 '

229 4988 279 5063 *¹0
310 4990 377 5069 Cfr.
401 4990 625 5071 Eyrbyggio·8.
648 5008 675 5046 o.
693 4990 735 5048 17
752 5010 789 5069 p.
806 4983 865 5065 483
889 4987 973 5067 Egils
991 4986 1022 5048 S.
1047 5006 1072 5045 e.
1092 4988 1121 5047 7.
1148 4989 1177 5048 8.
1203 4991 1232 5048 9.
1250 5007 1286 5065 p.
1304 4984 1355 5046 rt.
1383 4990 1433 5047 26.
1459 4991 1511 5049 29.
1537 4990 1589 5048 30.
1615 4989 1667 5048 38.
1692 4983 1751 5075 40;
1775 4986 1918 5049 Laxdaela
1936 4986 1968 5049 8.
1994 5010 2002 5046 r

299 5111 332 5168 p.
355 5092 428 5149 132.
484 5093 554 5150 Dos
578 5085 818 5170 (heimonfylgis)
842 5087 997 5148 interdum
1021 5086 1178 5164 infundo
1203 5090 1283 5146 satie
1309 5087 1630 5165 ampla.²eonsistebat
1663 5109 1691 5147 ν.
1716 5087 1936 5149 Landuama-b.
1970 5091 2002 5148 Ρ

302 5210 328 5248 c.
349 5185 369 5245 ⁴
388 5209 423 5265 p.
444 5190 518 5249 337.
568 5191 637 5249 Dae
657 5187 779 5269 quidem
798 5205 860 5250 non
882 5190 1054 5250 meessario
1077 5186 1308 5268 requirebatur,
1332 5185 1388 5246 secl
1406 5184 1609 5250 nibilominus
1631 5200 1758 5250 tontum
1771 5207 1842 5280 'non
1863 5207 1983 5267 semper

301 5286 488 5349 mittebatur.
