4522 5850
803 308 1168 395 -CLI—

200 554 320 629 Codex
354 583 488 657 qnoque
522 568 632 628 noster
655 554 872 628 Islandornm
907 582 976 628 non
1007 557 1118 628 solum
1154 558 1189 630 in
1217 572 1347 633 eeteros
1374 573 1476 633 terras
1498 560 1733 663 proficiscendi
1756 568 1938 656 libidinem,

28 697 95 769 sed
117 714 217 773 terras
245 729 378 802 quoquc
405 702 537 800 r'grrotas
565 700 734 799 detegendi
761 700 908 774 studium
940 714 1093 785 testatur;
1131 702 1194 775 n'd.
1225 704 1403 805 Prieilegio
1430 706 1646 782 lslondorum
1673 710 1723 784 Il.
1755 713 1853 788 4¹0:
1892 712 1942 789 El

31 836 113 929 heir
149 870 257 919 menn
299 850 406 943 verpa
448 844 576 920 saehasa
616 845 631 918 i
665 850 785 941 Noreg
825 872 864 920 er
900 856 973 919 vert
1009 844 1090 919 hasa
1126 846 1164 921 iil
1203 847 1401 925 Grbnlanrls
1444 854 1532 947 epe
1573 853 1678 933 lere
1718 858 1732 929 i
1773 854 1938 931 lands-

37 976 177 1064 teitan
203 1006 261 1066 etc.

196 1137 293 1211 Idem
326 1138 463 1211 abunde
497 1133 637 1211 illustrat
662 1138 826 1212 Islondioe
855 1152 1054 1241 perpetuum
1090 1110 1176 1210 cum·
1198 1140 1422 1214 Groenlandia
1455 1170 1601 1231 nexum,
1638 1148 1702 1219 sed
1730 1161 1763 1219 et
1779 1152 1868 1247 sora
1899 1152 1936 1223 in

56 1274 257 1356 Grunlondia
290 1285 371 1357 bene
404 1298 475 1356 tum
502 1287 615 1383 fuisse
646 1286 818 1369 ordinato,
858 1312 923 1386 qva
950 1285 992 1355 de
1020 1312 1124 1356 caasa
1152 1288 1314 1359 sententiis
1341 1289 1392 1360 ibi
1416 1288 1494 1359 latis
1519 1293 1862 1394 transactionibusque
1888 1297 1935 1369 nb

59 1420 179 1499 lelandrs
199 1430 234 1500 in
258 1428 325 1500 lroc
347 1429 478 1501 colonio
487 1433 599 1529 sactis
621 1432 685 1502 eiru
704 1432 843 1531 plenam
867 1430 993 1515 tribuit,
1022 1458 1099 1502 cnm
1122 1447 1236 1505 contro
1255 1435 1431 1505 sententias
1451 1436 1486 1505 in
1504 1436 1580 1507 aliis
1596 1438 1686 1509 terris
1702 1438 1775 1510 licet
1789 1454 1936 1540 septem·

60 1571 224 1647 trionalibus
251 1574 339 1647 latos
365 1576 562 1674 impugnare
589 1576 712 1662 liceret,
744 1573 851 1670 Vigsl.
882 1575 1124 1651 c.102.103
1154 1576 1219 1668 (II.
1244 1576 1451 1667 142143)
1479 1582 1539 1679 esr.
1569 1610 1597 1656 c.
1623 1584 1691 1657 101
1720 1611 1760 1684 p.
1781 1582 1870 1659 ill.

915 1856 944 1952 θ.
979 1857 1041 1933 35.

397 2022 618 2121 Qoomdiu
652 2021 805 2096 Codex
840 2017 1019 2121 Grcigris
1052 2023 1260 2121 viguerit,
1296 2024 1569 2097 illustratur.

196 2190 316 2275 'Codes
343 2203 397 2273 lric
424 2205 529 2303 legum
557 2202 802 2274 [claudicarem
830 2204 1093 2303 ontiqeissimus,
1124 2204 1180 2303 cpi
1205 2202 1305 2275 bodie
1333 2232 1407 2276 eoce
1435 2200 1625 2297 ''Gripo''
1649 2204 1837 2303 insignitur,
1861 2208 1936 2305 pri·

11 2315 17 2370 '3
62 2340 154 2415 bium
185 2346 324 2447 vigorem
360 2351 495 2421 servavit
530 2348 611 2420 dum
645 2347 779 2420 Islandi
812 2347 874 2418 sub
912 2348 1025 2419 liberor
1058 2348 1247 2448 reipublicoe
1261 2349 1422 2448 somcnla
1450 2351 1608 2423 eicerent.
1675 2350 1731 2423 At
1756 2350 1830 2423 trae
1852 2378 1937 2450 gens

10 2475 17 2487 ⁸
62 2488 139 2562 tubis
167 2491 353 2565 domesticis
386 2508 418 2565 et
438 2494 651 2594 sectionibus
684 2494 790 2565 seculo
826 2492 952 2563 decirna
981 2494 1070 2564 tertio
1094 2492 1176 2592 plus
1204 2519 1304 2593 qoam
1332 2506 1433 2566 antea
1460 2495 1632 2581 obnoxia,
1666 2496 1937 2595 persuasionibus

62 2630 116 2705 teri
134 2666 203 2711 eum
232 2639 313 2711 clero
343 2640 527 2738 Nonegico
550 2667 615 2739 per
639 2638 830 2710 bierorcln'oe
858 2638 1021 2711 er'rrcnlum
1046 2666 1110 2739 per
1134 2638 1246 2710 secula
1274 2640 1534 2738 conjunctissimi
1558 2653 1591 2712 et
1616 2641 1824 2741 qoorundom
1847 2647 1953 2741 pro-³'‘·

10 2759 13 2774 Ι
62 2802 141 2853 naon
162 2782 261 2855 donis
285 2798 317 2857 et
335 2784 629 2886 pollicitationibus
647 2782 750 2881 Reges
766 2782 943 2880 Nomgtoe
966 2797 1211 2883 eormptornm,
1236 2795 1319 2883 post
1340 2784 1533 2855 dintumam
1556 2788 1795 2858 cunctationem
1819 2785 1936 2859 cedens

62 2930 134 2999 mnis
155 2930 292 3001 demum
317 2928 414 3001 1920!
446 2942 477 3000 et
502 2926 605 3000 1264
624 2918 656 3015 Ἰ)
684 2928 762 2998 huic
790 2926 879 3023 Regi
903 2954 967 2997 suo
996 2941 1112 3025 sponte
1139 2956 1175 2999 se
1201 2928 1358 3025 subjecit,
1396 2928 1458 2999 sub
1491 2930 1580 2998 certes
1606 2941 1719 3001 tamen
1747 2929 1935 3028 stipulatio-

61 3072 133 3147 nibus
149 3080 182 3149 in
200 3088 396 3176 perpetuum
421 3073 588 3145 sanandis
606 3063 668 3159 ”).
730 3071 929 3169 Qearnpeorn
953 3071 1036 3141 inter·
1055 3069 1120 3141 bas
1141 3071 1367 3171 stipulationes
1386 3085 1418 3141 et
1439 3071 1496 3142 illa
1520 3084 1606 3155 erat,
1636 3086 1675 3143 ut
1695 3071 1832 3144 [slandi
1851 3099 1934 3145 suas

61 3216 120 3315 leges
129 3224 275 3321 jurisque
296 3246 451 3303 nomios,
482 3246 565 3318 qens
585 3242 719 3289 summo
738 3219 844 3314 pretio
866 3242 995 3314 suuper
1013 3214 1225 3300 babrussent,
1255 3216 1357 3287 nihilo
1380 3219 1493 3287 minus
1513 3230 1691 3302 servarent,
1718 3218 1836 3316 poulo
1854 3230 1935 3319 post
1994 3206 2004 3221 ³

64 3358 151 3439 Codes
176 3365 333 3441 Haconis
361 3360 575 3451 Haconiclis,
615 3364 672 3462 cpi
695 3389 719 3432 o
747 3360 925 3459 legislatore
953 3357 1212 3447 llakbnarhbk,
1251 3359 1314 3431 sed
1337 3362 1379 3433 ob
1404 3387 1593 3459 poenarum
1622 3361 1774 3434 duritiem
1803 3390 1936 3463 quoque

64 3501 236 3587 ''lonsicin’'
268 3510 306 3601 (i.
326 3538 353 3581 e.
381 3508 470 3579 latus
483 3507 651 3606 ferreum)
677 3520 827 3609 evocatur,
857 3506 899 3577 iis
927 3506 972 3577 ab
1002 3506 1067 3576 boc
1094 3504 1185 3603 Rege
1212 3492 1545 3592 obtrudebatnrm).
1601 3504 1672 3578 Hic
1699 3505 1818 3578 Codes·
1842 3509 1934 3608 typis

61 3676 197 3757 turpem
220 3656 387 3753 evulgatas
409 3666 456 3725 est
477 3666 508 3723 et
528 3654 714 3757 espancis
733 3654 797 3725 illis
818 3650 1081 3749 Mannscriptis‚
1117 3676 1190 3750 qeoe
1212 3677 1289 3721 eum
1312 3648 1411 3721 bodie
1433 3649 1531 3720 nobis
1553 3648 1688 3732 sistunt,
1722 3650 1852 3721 nullum
1876 3651 1934 3722 in-

31 3798 153 3895 *tarum
177 3830 247 3877 esse
274 3801 404 3872 oidetnr.
469 3796 542 3869 Sed
565 3824 642 3867 cnm
669 3796 786 3869 eodem
814 3796 938 3868 lacuna
945 3850 955 3881 ,
992 3793 1083 3895 prod
1106 3795 1231 3879 sciam,
1269 3795 1304 3866 in
1332 3793 1491 3866 omnibus
1516 3792 1570 3865 tu‘s
1597 3790 1843 3894 Mannscriptrss·
1870 3821 1933 3868 oe-

10 3911 15 3953 i
59 3962 153 4036 wan,
192 3948 253 4021 reri
273 3957 384 4048 potest
409 3956 447 4015 ut
467 3939 584 4014 Codex
609 3945 668 4014 istc
695 3969 867 4041 nurrqeom
895 3942 1070 4038 integeret
1092 3940 1255 4039 perfectus
1269 3940 1393 4037 suerit,
1423 3936 1554 4011 sodex
1581 3939 1729 4011 consilio·
1742 3940 1935 4039 legislatoris

57 4104 87 4151 to
105 4095 340 4195 capitaearuo
368 4089 476 4161 relicto
504 4098 624 4171 essent,
658 4087 694 4158 in
722 4086 841 4186 ovibus
868 4083 987 4157 Codex
1017 4079 1157 4182 Grcigris
1184 4086 1284 4155 etiarn
1312 4086 1348 4156 iu
1370 4098 1542 4183 postemm
1570 4084 1739 4168 obtineret,
1769 4083 1832 4155 sed
1855 4111 1933 4157 cum

51 4292 1931 4332 χ-ΜἭ

99 4432 141 4505 *.)
173 4440 342 4521 Quadrans
361 4439 442 4493 enim
462 4434 624 4491 orientalis
649 4433 804 4493 Islandioe
826 4432 945 4489 diutius
965 4450 1052 4509 qoem
1072 4434 1179 4488 crateri
1201 4432 1334 4499 restitit,
1360 4428 1415 4487 ille
1434 4449 1466 4487 ee
1485 4428 1606 4488 demum
1622 4442 1693 4508 post
1713 4442 1840 4489 mortem
1856 4430 1933 4487 Ho-

162 4543 244 4599 coreis
271 4537 407 4609 subjecit.
462 4534 528 4610 Osr.
555 4534 764 4610 Sturlungune
788 4532 839 4590 lib.
859 4534 939 4599 im,
967 4532 1039 4600 8¹²⁰,
1067 4534 1121 4589 9⁷¹0
1139 4542 1169 4588 et
1187 4534 1280 4587 10¹1W.
1536 4524 1542 4533 ’

77 4658 145 4742 Ἦ
174 4674 238 4753 Csr.
265 4668 421 4747 Amgrimi
444 4670 528 4729 Jonae
555 4669 772 4745 Crymagoeom
803 4664 854 4723 lib.
888 4653 937 4720 δι’ο
961 4686 994 4741 p.
1019 4664 1101 4735 1073
1137 4662 1258 4739 terfui
1281 4659 1354 4719 bist.
1381 4663 1482 4721 Norv.
1505 4661 1567 4720 IV.
1588 4682 1624 4737 p.
1647 4657 1726 4730 334;
1760 4656 1851 4718 I'inni
1875 4658 1931 4718 lo·

161 4772 275 4834 hennaei
299 4770 371 4827 bist.
389 4769 457 4827 eool.
482 4770 508 4827 l.
528 4788 562 4844 p.
580 4768 642 4824 381
664 4778 694 4822 et
716 4766 800 4833 382‚·
825 4782 879 4821 neo
899 4783 961 4819 non
980 4766 1147 4821 versionem
1167 4764 1316 4818 danicam
1336 4761 1416 4835 legis
1436 4760 1491 4817 tet
1514 4758 1663 4833 Jonsbok,
1687 4757 1929 4834 Hosniae1763

160 4896 189 4950 p.
210 4876 291 4949 377,
323 4870 377 4928 ubi
403 4868 533 4927 articuli
557 4866 654 4941 liujus
679 4864 845 4922 deditionis
867 4861 1041 4931 lrabentnr,
1072 4862 1127 4919 secl
1144 4861 1255 4937 pratello
1278 4858 1402 4917 diuersa
1428 4859 1559 4914 ratione.

68 4992 147 5071 ²4⁴)
173 5010 301 5074 Anrucs,
327 5024 383 5081 qro
409 5002 460 5059 lric
487 5002 589 5060 Codex
614 5010 748 5074 receptus
763 4998 835 5073 snit
843 5037 855 5063 ,
880 4997 1032 5061 incertus,
1052 4992 1113 5075 'eod
1127 4990 1321 5067 probabilior
1340 5002 1385 5049 est
1407 4991 1559 5046 sententia
1580 4991 1614 5050 P.
1634 4987 1767 5047 vidaliui
1790 4992 1843 5067 qei
1863 5008 1932 5049 etun

165 5128 244 5165 arcuo
269 5106 353 5163 1255
378 5102 561 5178 adoptatum
573 5100 680 5178 fuisse
704 5099 887 5165 existiman
912 5094 982 5153 eide
1007 5091 1194 5151 Dannmrke
1219 5112 1260 5169 og
1285 5092 1409 5167 ,Norges
1430 5089 1578 5166 geneture
1604 5110 1645 5167 og
1670 5090 1819 5169 veraelrge
1845 5090 1931 5159 Stat,

164 5208 203 5263 ee.
223 5208 309 5263 1762
331 5224 363 5280 p.
383 5200 455 5260 514.

905 5344 921 5386 n·
1661 5319 1704 5372 ‘²
