4522 5850
829 326 1229 437 ..ωτι-..-
1315 324 1318 329 ·

52 594 174 671 domr
198 592 318 682 doma
346 617 413 668 ssa
439 617 522 669 sem
550 600 653 698 gogo
678 618 721 669 se
745 606 825 669 rest
847 590 983 668 borio.
1053 560 1215 683 mendas
1244 572 1478 690 comparatu
1510 562 1795 690 improbantur,
1829 590 1984 693 judices

50 729 110 827 Pa
130 740 226 830 ,scal
260 738 371 814 domi
404 756 558 818 stemus
592 739 641 814 til
674 737 779 832 ross,
817 766 858 817 sa
890 764 935 816 er
962 768 986 816 a
1054 746 1161 844 quasi
1183 745 1309 844 justoe
1336 739 1469 813 allatae
1498 743 1581 811 sint
1607 736 1853 835 probationes
1874 734 1982 840 jndi-

54 888 207 993 gisgnin
235 895 385 988 qvepr,
420 912 467 961 oc
493 914 514 962 n
539 883 657 961 domn
679 905 721 962 st
744 887 858 963 roina
885 887 930 963 ef
946 902 987 963 nt
1052 906 1157 965 cent.
1218 886 1483 964 Auctoritates
1501 856 1671 986 prdlatas
1694 883 1912 984 improbans
1934 884 1987 959 ad

54 1010 249 1137 liugsitai
277 1041 419 1135 vespm
455 1031 499 1108 ef
518 1032 711 1108 domrinn
738 1033 900 1126 rofnor,
934 1046 989 1141 pn
1055 1039 1287 1112 sententiam
1313 1036 1492 1140 judicum
1527 1032 1815 1108 rescindendam
1850 1037 1986 1124 (tum)

53 1181 137 1256 scal
159 1206 226 1256 svs
250 1177 336 1254 iura
360 1197 403 1255 ot
425 1177 637 1284 reifingom
663 1208 710 1257 oc
733 1198 776 1258 at
789 1153 882 1254 'otto
903 1205 987 1257 sem
1052 1197 1246 1281 provocet,
1266 1186 1481 1283 qroeetiam
1496 1179 1764 1280 probationum
1780 1179 1984 1262 allatarum

53 1346 98 1407 at
122 1325 297 1429 aspingis
321 1324 448 1400 domi.
511 1328 598 1400 Ean
623 1327 714 1428 peis
736 1329 844 1403 scola
869 1326 987 1404 dimo
1046 1294 1225 1439 falsitate
1248 1322 1492 1429 compssata
1519 1328 1772 1404 rescindatur.
1835 1326 1881 1399 Si
1907 1325 1984 1397 iata

55 1503 127 1551 um
158 1474 264 1549 sacis
292 1499 487 1566 manna,
509 1499 554 1547 oc
585 1499 629 1549 er
657 1482 708 1575 pa
737 1477 800 1549 vel
831 1474 876 1550 ef
899 1477 990 1577 peis

54 1631 178 1723 verpa
200 1618 423 1699 samdoma.
485 1623 545 1695 En
573 1620 618 1695 ef
639 1622 730 1723 peis
758 1631 879 1724 ves-Pa
907 1622 987 1726 eigi

54 1767 280 1857 samdoma,
302 1775 354 1867 pa
370 1767 478 1842 scola
494 1766 585 1868 peis
601 1767 782 1872 vesengia
799 1795 989 1874 aeganga

23 1926 28 1933 “
56 1917 104 1989 tit
121 1910 295 2017 'sefangs
319 1913 398 2017 eigi
422 1912 508 1987 faeri
533 1941 612 1987 enn
636 1918 712 2008 vl,
744 1942 791 1991 oc
814 1915 899 1991 fora
922 1942 988 1992 sva

57 2080 99 2136 at
117 2060 279 2162 seiungi
299 2085 382 2134 sem
403 2059 416 2134 i
436 2059 611 2164 alpingis
630 2061 773 2136 domi(
811 2049 890 2144 Por
908 2063 988 2137 scol

57 2227 211 2283 stemus
238 2215 431 2280 mousom
458 2236 480 2281 a
506 2209 620 2312 pingi
645 2208 752 2312 eptir
774 2208 891 2283 dome
918 2235 989 2284 um

58 2354 258 2460 seiaung,
290 2380 337 2427 oc
364 2354 442 2429 lata
467 2355 578 2456 peim
602 2365 723 2457 vespa
747 2355 859 2458 utleg
898 2410 912 2448 ,
943 2382 990 2430 oc

61 2519 213 2575 stemna
246 2500 294 2574 tit
322 2509 409 2600 pess
440 2499 757 2605 fiorpungsdoms
786 2529 831 2576 er
856 2502 993 2607 pingit

64 2674 104 2722 er
134 2648 148 2721 i
180 2645 409 2750 fiorpungi,
447 2673 494 2722 oc
523 2646 650 2722 steina
686 2648 732 2721 til
767 2648 846 2724 ross
880 2648 989 2723 domi

64 2795 219 2893 peiren,
256 2792 358 2868 enda
386 2821 430 2867 er
457 2811 536 2868 rett
562 2811 603 2868 at
629 2794 755 2868 steina
783 2796 892 2895 peirn
920 2823 991 2870 um

68 2939 236 3043 refaung
260 2938 395 3014 hoima
420 2941 433 3014 i
458 2939 599 3041 heraln
624 2957 666 3014 at
688 2939 847 3017 heimili
874 2940 993 3018 hvers

69 3087 210 3183 peirra.

1055 1477 1145 1569 (sed
1150 1478 1274 1582 falsis
1290 1446 1581 1579 prossrtionibus
1598 1476 1878 1574 superstructa)
1895 1495 1985 1545 sen·
2085 1514 2089 1525 ·

1057 1628 1176 1698 tentia
1192 1707 1195 1712 ,
1211 1625 1465 1712 rescinditur,
1503 1616 1747 1699 recitationes
1778 1642 1984 1694 causarum

1055 1768 1269 1873 caeteraque
1298 1786 1341 1845 ut
1365 1773 1407 1843 in
1423 1764 1586 1874 judiciis
1606 1771 1844 1844 comitiorum
1868 1788 1985 1866 gene·

1057 1918 1193 1991 ratium
1210 1918 1435 2017 procedant.
1493 1917 1688 2008 (ludices)
1707 1941 1793 1992 uero
1811 1912 1987 2004 (deinde)

1055 2040 1378 2163 causaspartium
1386 2065 1570 2169 judicent
1573 2095 1592 2153 ;
1620 2088 1680 2138 res
1699 2061 1796 2137 bene
1812 2083 1856 2133 se
1872 2057 1991 2131 habet

1057 2216 1092 2283 si
1107 2216 1147 2283 in
1164 2239 1279 2289 unam
1295 2217 1524 2288 sententiam
1540 2214 1711 2306 (omnes)
1722 2209 1987 2303 consentiunt;

1057 2366 1118 2433 sin
1137 2365 1281 2450 minus,
1311 2366 1352 2433 in
1370 2366 1581 2436 sententias
1599 2384 1677 2433 non
1696 2382 1783 2431 nero
1800 2378 1875 2429 sex
1890 2361 2007 2450 pau-'
2051 2343 2056 2354 ’

1057 2513 1196 2595 ciores,
1227 2508 1441 2597 discedant,
1471 2511 1571 2584 hanc
1589 2508 1859 2580 discessionem
1879 2500 1990 2572 modo

1059 2660 1098 2726 in
1111 2656 1269 2754 iudiciis
1292 2660 1527 2730 comitiorum
1546 2653 1788 2756 generalium
1801 2650 1912 2724 solito
1930 2652 1989 2718 iu-

1058 2810 1278 2900 stituentesg
1339 2802 1548 2876 Sententiis
1574 2807 1614 2872 in
1640 2804 1801 2872 comitiis
1826 2794 1972 2869 vernal'

1061 2947 1133 3022 bus
1152 2949 1239 3021 latis
1260 2950 1307 3022 de
1313 2951 1433 3048 sacta
1451 2946 1682 3021 discessione
1696 2945 1848 3045 judices
1866 2945 1906 3011 in
1920 2944 1990 3041 jus

986 3134 989 3139 ·
1062 3095 1224 3169 vocandi
1247 3094 1506 3194 adjudicium
1535 3092 1778 3196 quadrantis,
1815 3086 1868 3160 ad
1894 3084 1993 3189 qvod

1046 3246 1183 3346 sorum
1201 3242 1374 3331 ¹vernale,
1396 3240 1485 3333 (ubi
1497 3246 1536 3315 in
1552 3244 1762 3315 sententias
1776 3239 1893 3324 isere)
1908 3258 1992 3345 per-

1064 3395 1159 3464 tinet
1164 3419 1183 3474 ;
1204 3402 1329 3489 'paeua
1354 3394 1576 3489 pecuniaria
1605 3393 1650 3460 iis
1679 3383 1922 3466 intendatur,
1954 3392 1996 3450 et

960 3598 964 3608 .
1062 3536 1115 3609 ad
1135 3542 1361 3610 sententiam
1381 3544 1512 3611 eorum
1532 3533 1821 3612 rescindendum
1839 3526 1990 3604 citetur.

179 3966 267 4060 Pau
303 3981 380 4053 mal
417 4006 460 4055 er
493 4007 614 4055 menn
651 3980 741 4054 hasa
774 3980 945 4084 vcfcngp
975 4008 997 4056 a

1063 3680 1133 3758 Ad
1152 3692 1284 3758 eorum
1305 3689 1344 3755 in
1368 3682 1469 3757 tribu
1490 3676 1678 3759 domicilia
1697 3680 1745 3754 de
1763 3678 1993 3753 discessione

1064 3836 1103 3903 in
1121 3836 1333 3906 sententias
1348 3834 1395 3903 iis
1410 3835 1523 3905 etiam
1540 3830 1664 3903 dicam
1678 3828 1804 3900 dicere
1819 3823 1946 3898 liceat.

1178 3976 1309 4064 Lites,
1348 4002 1421 4075 per
1440 3977 1617 4080 judicum
1650 3958 1689 4045 in
1722 3974 1883 4046 comitiis
1915 3982 1995 4041 ver-

77 4126 280 4229 vsspingi,
311 4136 360 4226 pa
382 4128 488 4201 scola
508 4135 588 4227 pou
609 4128 720 4200 lucaz
741 4127 750 4198 i
775 4125 998 4229 fiorpungs-
1067 4122 1221 4196 noiibus
1245 4122 1514 4197 discessionem
1541 4121 1759 4222 ampliatae,
1793 4124 1832 4189 in
1849 4118 1997 4221 judicio

73 4271 179 4347 domi
204 4274 312 4373 peim
336 4301 419 4349 sem
442 4275 577 4377 pingit
600 4299 644 4348 er
668 4275 679 4345 i
702 4272 928 4377 fiorpungi,
962 4271 1006 4348 ei
1068 4268 1310 4369 quadrantis,
1345 4250 1452 4370 arem
1482 4271 1567 4343 haec
1594 4270 1746 4377 comitia
1772 4267 1996 4364 sequuntur,

71 4429 144 4523 par
172 4446 289 4524 mego
319 4423 445 4498 tacut.
513 4425 572 4496 En
603 4419 646 4495 ef
671 4429 745 4522 par
773 4428 893 4521 verpr
921 4446 1000 4493 enn
1068 4414 1281 4510 adfinem,
1314 4419 1350 4488 si
1387 4421 1457 4490 seri
1478 4406 1598 4512 possit
1606 4437 1636 4502 ,·
1651 4412 1936 4511 perducantur,-
1964 4416 2000 4481 si

71 4571 148 4672 eigi
179 4567 231 4666 (i)
258 4569 443 4671 veiengt,
482 4578 533 4669 Pa
562 4569 641 4681 scal
672 4568 784 4642 lucaz
812 4566 824 4638 i
854 4564 1004 4640 fimtar·
1070 4587 1157 4636 vero
1179 4560 1233 4636 ibi
1251 4563 1299 4636 de
1323 4588 1419 4635 novo
1434 4560 1609 4662 judicum
1631 4560 1812 4632 discessio
1836 4558 1997 4626 institui-

68 4718 215 4793 domi.·
1072 4724 1157 4796 tur,
1187 4715 1226 4781 in
1246 4712 1430 4805 quinionis
1441 4706 1586 4808 judicio
1604 4680 1828 4779 dirimeniiae
1844 4704 1950 4774 sun't.

184 4864 300 4938 vaeui
329 4872 409 4960 pan
436 4862 514 4935 scot
542 4862 619 4936 lata
647 4861 738 4934 bero
764 4858 817 4931 611
844 4858 856 4931 i
883 4857 1002 4959 flocp-

70 5009 272 5114 uugsdom
292 5035 335 5082 er
355 5010 446 5108 peis
468 5005 619 5082 nesndo
641 5026 682 5082 at
704 5006 782 5080 hve
803 5008 894 5106 peis
916 5005 1004 5079 foro
1063 5002 1238 5105 judicum
1260 4990 1352 5097 pars
1368 4999 1637 5072 discessionem
1656 4990 1881 5071 instituebat
1900 5016 2008 5069 nun··

1185 4854 1316 4958 Effata
1340 4856 1491 4926 testium
1500 4903 1514 4936 ,
1548 4853 1596 4924 de
1617 4850 1729 4922 modo
1743 4832 1823 4950 ³qu
1840 4822 2002 4959 'utrique

1028 5175 1034 5181 ·
1069 5163 1294 5247 eupatorum
1302 5197 1318 5231 ,
1354 5170 1483 5219 coram
1501 5144 1646 5244 judicio
1673 5144 1893 5249 quadrantis
1911 5116 2004 5242 pri>-
2037 5165 2041 5173 ·

65 5179 110 5237 at
131 5157 293 5260 seiungi
318 5153 633 5257 hvarirtseggio.

1056 5292 1231 5403 serenda
1246 5304 1353 5364 sunt.

992 5437 1041 5511 14
1071 5441 1095 5485 ¹⁶
