<?xml version="1.0" encoding="UTF-8"?>
<!DOCTYPE html PUBLIC "-//W3C//DTD XHTML 1.0 Transitional//EN"
    "http://www.w3.org/TR/xhtml1/DTD/xhtml1-transitional.dtd">
<html xmlns="http://www.w3.org/1999/xhtml" xml:lang="en" lang="en">
 <head>
  <title>
</title>
<meta http-equiv="Content-Type" content="text/html;charset=utf-8" />
  <meta name='ocr-system' content='tesseract 3.04.00' />
  <meta name='ocr-capabilities' content='ocr_page ocr_carea ocr_par ocr_line ocrx_word'/>
</head>
<body>
  <div class='ocr_page' id='page_1' title='image "./hinfornalgbkisl00icelgoog_0381.png"; bbox 0 0 4522 5850; ppageno 0'>
   <div class='ocr_carea' id='block_1_1' title="bbox 829 269 1378 385">
    <p class='ocr_par' dir='ltr' id='par_1_1' title="bbox 829 269 1378 385">
     <span class='ocr_line' id='line_1_1' title="bbox 829 269 1378 385; baseline -0.002 0"><span class='ocrx_word' id='word_1_1' title='bbox 829 276 1215 385; x_wconf 69' lang='lat'><strong>-957-</strong></span> <span class='ocrx_word' id='word_1_2' title='bbox 1332 269 1378 311; x_wconf 82' lang='grc'>”</span> 
     </span>
    </p>
   </div>
   <div class='ocr_carea' id='block_1_2' title="bbox 59 480 1985 649">
    <p class='ocr_par' dir='ltr' id='par_1_2' title="bbox 59 480 1985 649">
     <span class='ocr_line' id='line_1_2' title="bbox 59 480 1985 649; baseline 0.003 -36"><span class='ocrx_word' id='word_1_3' title='bbox 59 538 229 644; x_wconf 53' lang='lat' dir='ltr'><em>lyon-‘pa</em></span> <span class='ocrx_word' id='word_1_4' title='bbox 249 564 294 615; x_wconf 80' lang='lat' dir='ltr'><em>er</em></span> <span class='ocrx_word' id='word_1_5' title='bbox 311 535 504 615; x_wconf 74' lang='lat' dir='ltr'><em>sokiaodi.</em></span> <span class='ocrx_word' id='word_1_6' title='bbox 515 535 596 640; x_wconf 75' lang='lat' dir='ltr'><em>eigi</em></span> <span class='ocrx_word' id='word_1_7' title='bbox 614 533 750 642; x_wconf 75' lang='lat' dir='ltr'><em>scyldr</em></span> <span class='ocrx_word' id='word_1_8' title='bbox 768 553 810 613; x_wconf 80' lang='lat' dir='ltr'><em>et</em></span> <span class='ocrx_word' id='word_1_9' title='bbox 826 537 1000 643; x_wconf 75' lang='lat' dir='ltr'><em>qvepia.¹</em></span> <span class='ocrx_word' id='word_1_10' title='bbox 1055 565 1147 618; x_wconf 85' lang='lat' dir='ltr'><em>care</em></span> <span class='ocrx_word' id='word_1_11' title='bbox 1157 539 1367 629; x_wconf 82' lang='lat' dir='ltr'><em>noluerint,</em></span> <span class='ocrx_word' id='word_1_12' title='bbox 1380 543 1462 641; x_wconf 86' lang='lat' dir='ltr'><em>ipse</em></span> <span class='ocrx_word' id='word_1_13' title='bbox 1473 565 1593 646; x_wconf 78' lang='lat' dir='ltr'><em>agens</em></span> <span class='ocrx_word' id='word_1_14' title='bbox 1601 480 1821 649; x_wconf 63' lang='lat' dir='ltr'><em>injacet.</em></span> <span class='ocrx_word' id='word_1_15' title='bbox 1860 541 1985 648; x_wconf 75' lang='lat' dir='ltr'><em>Qvod·</em></span> 
     </span>
    </p>
   </div>
   <div class='ocr_carea' id='block_1_3' title="bbox 57 660 996 1372">
    <p class='ocr_par' dir='ltr' id='par_1_3' title="bbox 57 660 996 1372">
     <span class='ocr_line' id='line_1_3' title="bbox 57 660 988 789; baseline -0.003 -28"><span class='ocrx_word' id='word_1_16' title='bbox 57 684 172 789; x_wconf 83' lang='lat' dir='ltr'>Segia</span> <span class='ocrx_word' id='word_1_17' title='bbox 199 686 280 762; x_wconf 86' lang='lat' dir='ltr'><em>scal</em></span> <span class='ocrx_word' id='word_1_18' title='bbox 306 660 538 787; x_wconf 54' lang='lat' dir='ltr'><em>mapr‘mep</em></span> <span class='ocrx_word' id='word_1_19' title='bbox 563 699 668 759; x_wconf 82' lang='lat' dir='ltr'><em>vatta</em></span> <span class='ocrx_word' id='word_1_20' title='bbox 694 683 805 785; x_wconf 77' lang='lat' dir='ltr'><em>peim</em></span> <span class='ocrx_word' id='word_1_21' title='bbox 828 683 988 777; x_wconf 85' lang='lat' dir='ltr'><em>manni,</em></span> 
     </span>
     <span class='ocr_line' id='line_1_4' title="bbox 58 825 996 944; baseline -0.002 -36"><span class='ocrx_word' id='word_1_22' title='bbox 58 857 106 908; x_wconf 86' lang='lat' dir='ltr'><em>er</em></span> <span class='ocrx_word' id='word_1_23' title='bbox 121 830 239 944; x_wconf 78' lang='lat' dir='ltr'><em>‘hana</em></span> <span class='ocrx_word' id='word_1_24' title='bbox 263 826 376 909; x_wconf 78' lang='lat' dir='ltr'><em>hefir·</em></span> <span class='ocrx_word' id='word_1_25' title='bbox 386 856 526 935; x_wconf 79' lang='lat' dir='ltr'><em>omega</em></span> <span class='ocrx_word' id='word_1_26' title='bbox 544 834 611 907; x_wconf 73' lang='lat' dir='ltr'><em>obe</em></span> <span class='ocrx_word' id='word_1_27' title='bbox 630 858 653 907; x_wconf 83' lang='lat' dir='ltr'><em>a</em></span> <span class='ocrx_word' id='word_1_28' title='bbox 673 825 922 936; x_wconf 78' lang='lat' dir='ltr'><em>hbnd&#39;lystn,</em></span> <span class='ocrx_word' id='word_1_29' title='bbox 951 830 996 907; x_wconf 79' lang='lat' dir='ltr'><em>ei</em></span> 
     </span>
     <span class='ocr_line' id='line_1_5' title="bbox 59 944 992 1088; baseline 0 -34"><span class='ocrx_word' id='word_1_30' title='bbox 59 944 277 1088; x_wconf 23' lang='lat' dir='ltr'><em>hann&#39;era</em></span> <span class='ocrx_word' id='word_1_31' title='bbox 297 977 411 1082; x_wconf 74' lang='lat' dir='ltr'><em>pingi</em></span> <span class='ocrx_word' id='word_1_32' title='bbox 423 1030 437 1071; x_wconf 92' lang='lat'><em>,</em></span> <span class='ocrx_word' id='word_1_33' title='bbox 469 1003 517 1052; x_wconf 88' lang='lat' dir='ltr'><em>oc</em></span> <span class='ocrx_word' id='word_1_34' title='bbox 539 1005 562 1053; x_wconf 85' lang='lat' dir='ltr'><em>a</em></span> <span class='ocrx_word' id='word_1_35' title='bbox 584 975 694 1052; x_wconf 89' lang='lat' dir='ltr'><em>hann</em></span> <span class='ocrx_word' id='word_1_36' title='bbox 717 985 769 1079; x_wconf 64' lang='lat' dir='ltr'><em>Pe</em></span> <span class='ocrx_word' id='word_1_37' title='bbox 789 977 933 1081; x_wconf 76' lang='lat' dir='ltr'><em>qviper</em></span> <span class='ocrx_word' id='word_1_38' title='bbox 949 992 992 1054; x_wconf 84' lang='lat' dir='ltr'><em>at</em></span> 
     </span>
     <span class='ocr_line' id='line_1_6' title="bbox 62 1122 991 1229; baseline 0 -29"><span class='ocrx_word' id='word_1_39' title='bbox 62 1124 230 1228; x_wconf 74' lang='lat' dir='ltr'><em>qvepia&#39;,</em></span> <span class='ocrx_word' id='word_1_40' title='bbox 262 1124 306 1203; x_wconf 78' lang='lat' dir='ltr'><em>ei</em></span> <span class='ocrx_word' id='word_1_41' title='bbox 324 1125 437 1202; x_wconf 86' lang='lat' dir='ltr'><em>hana</em></span> <span class='ocrx_word' id='word_1_42' title='bbox 459 1122 556 1217; x_wconf 76' lang='lat' dir='ltr'><em>vill,</em></span> <span class='ocrx_word' id='word_1_43' title='bbox 587 1149 639 1199; x_wconf 86' lang='lat' dir='ltr'><em>en</em></span> <span class='ocrx_word' id='word_1_44' title='bbox 661 1122 742 1228; x_wconf 80' lang='lat' dir='ltr'><em>eigi</em></span> <span class='ocrx_word' id='word_1_45' title='bbox 765 1150 806 1202; x_wconf 82' lang='lat' dir='ltr'><em>sa</em></span> <span class='ocrx_word' id='word_1_46' title='bbox 830 1149 875 1200; x_wconf 89' lang='lat' dir='ltr'><em>er</em></span> <span class='ocrx_word' id='word_1_47' title='bbox 896 1122 991 1229; x_wconf 66' lang='lat' dir='ltr'><em>&#39;mep</em></span> 
     </span>
     <span class='ocr_line' id='line_1_7' title="bbox 61 1267 267 1372; baseline 0.005 -26"><span class='ocrx_word' id='word_1_48' title='bbox 61 1277 127 1347; x_wconf 77' lang='lat' dir='ltr'><em>sire</em></span> <span class='ocrx_word' id='word_1_49' title='bbox 149 1267 267 1372; x_wconf 84' lang='lat' dir='ltr'><em>ferr].</em></span> 
     </span>
    </p>
   </div>
   <div class='ocr_carea' id='block_1_4' title="bbox 333 1859 714 1950">
    <p class='ocr_par' dir='ltr' id='par_1_4' title="bbox 333 1859 714 1950">
     <span class='ocr_line' id='line_1_8' title="bbox 333 1859 714 1950; baseline 0.003 -4"><span class='ocrx_word' id='word_1_50' title='bbox 333 1859 459 1947; x_wconf 85' lang='lat' dir='ltr'><strong>VIII.</strong></span> <span class='ocrx_word' id='word_1_51' title='bbox 498 1859 714 1950; x_wconf 65' lang='lat' dir='ltr'><em>Carnum.</em></span> 
     </span>
    </p>
   </div>
   <div class='ocr_carea' id='block_1_5' title="bbox 362 2021 685 2101">
    <p class='ocr_par' dir='ltr' id='par_1_5' title="bbox 362 2021 685 2101">
     <span class='ocr_line' id='line_1_9' title="bbox 362 2021 685 2101; baseline 0.003 -2"><span class='ocrx_word' id='word_1_52' title='bbox 362 2021 428 2099; x_wconf 82' lang='lat' dir='ltr'><em>Of</em></span> <span class='ocrx_word' id='word_1_53' title='bbox 455 2022 685 2101; x_wconf 79' lang='lat' dir='ltr'><em>vanesni.</em></span> 
     </span>
    </p>
   </div>
   <div class='ocr_carea' id='block_1_6' title="bbox 60 2145 992 2334">
    <p class='ocr_par' dir='ltr' id='par_1_6' title="bbox 60 2145 992 2334">
     <span class='ocr_line' id='line_1_10' title="bbox 60 2145 992 2334; baseline 0.003 -33"><span class='ocrx_word' id='word_1_54' title='bbox 60 2145 162 2323; x_wconf 74' lang='lat' dir='ltr'><em>par</em></span> <span class='ocrx_word' id='word_1_55' title='bbox 191 2252 235 2302; x_wconf 88' lang='lat' dir='ltr'><em>er</em></span> <span class='ocrx_word' id='word_1_56' title='bbox 264 2225 428 2303; x_wconf 74' lang='lat' dir='ltr'><em>vanesni</em></span> <span class='ocrx_word' id='word_1_57' title='bbox 458 2226 689 2334; x_wconf 28' lang='lat' dir='ltr'><em>berazlpess</em></span> <span class='ocrx_word' id='word_1_58' title='bbox 717 2251 859 2318; x_wconf 80' lang='lat' dir='ltr'><em>mane,</em></span> <span class='ocrx_word' id='word_1_59' title='bbox 877 2249 940 2316; x_wconf 80' lang='lat' dir='ltr'><em>¹er</em></span> <span class='ocrx_word' id='word_1_60' title='bbox 967 2253 992 2304; x_wconf 82' lang='lat' dir='ltr'><em>a</em></span> 
     </span>
    </p>
   </div>
   <div class='ocr_carea' id='block_1_7' title="bbox 64 2371 1006 3506">
    <p class='ocr_par' dir='ltr' id='par_1_7' title="bbox 64 2371 1006 3506">
     <span class='ocr_line' id='line_1_11' title="bbox 65 2371 994 2479; baseline 0.005 -33"><span class='ocrx_word' id='word_1_61' title='bbox 65 2371 187 2475; x_wconf 65' lang='lat' dir='ltr'><em>hond</em></span> <span class='ocrx_word' id='word_1_62' title='bbox 200 2398 245 2450; x_wconf 86' lang='lat' dir='ltr'><em>er</em></span> <span class='ocrx_word' id='word_1_63' title='bbox 267 2374 370 2479; x_wconf 83' lang='lat' dir='ltr'><em>lyst,</em></span> <span class='ocrx_word' id='word_1_64' title='bbox 405 2371 508 2452; x_wconf 83' lang='lat' dir='ltr'><em>enda</em></span> <span class='ocrx_word' id='word_1_65' title='bbox 530 2374 604 2452; x_wconf 75' lang='lat' dir='ltr'><em>vill</em></span> <span class='ocrx_word' id='word_1_66' title='bbox 627 2372 740 2451; x_wconf 79' lang='lat' dir='ltr'><em>hana</em></span> <span class='ocrx_word' id='word_1_67' title='bbox 762 2373 844 2479; x_wconf 83' lang='lat' dir='ltr'><em>eigi</em></span> <span class='ocrx_word' id='word_1_68' title='bbox 866 2371 994 2451; x_wconf 86' lang='lat' dir='ltr'><em>meirr</em></span> 
     </span>
     <span class='ocr_line' id='line_1_12' title="bbox 65 2516 995 2626; baseline 0.003 -33"><span class='ocrx_word' id='word_1_69' title='bbox 65 2518 150 2595; x_wconf 75' lang='lat' dir='ltr'><em>stira</em></span> <span class='ocrx_word' id='word_1_70' title='bbox 186 2519 234 2596; x_wconf 87' lang='lat' dir='ltr'><em>til</em></span> <span class='ocrx_word' id='word_1_71' title='bbox 268 2531 426 2624; x_wconf 74' lang='lat' dir='ltr'><em>stupor,</em></span> <span class='ocrx_word' id='word_1_72' title='bbox 465 2531 519 2626; x_wconf 63' lang='lat' dir='ltr'><em>{aa</em></span> <span class='ocrx_word' id='word_1_73' title='bbox 552 2523 634 2601; x_wconf 85' lang='lat' dir='ltr'><em>scal</em></span> <span class='ocrx_word' id='word_1_74' title='bbox 664 2516 754 2599; x_wconf 66' lang='lat' dir='ltr'><em>{bra</em></span> <span class='ocrx_word' id='word_1_75' title='bbox 788 2518 913 2598; x_wconf 83' lang='lat' dir='ltr'><em>hverr</em></span> <span class='ocrx_word' id='word_1_76' title='bbox 944 2519 995 2598; x_wconf 84' lang='lat' dir='ltr'><em>til</em></span> 
     </span>
     <span class='ocr_line' id='line_1_13' title="bbox 64 2652 996 2776; baseline 0.002 -35"><span class='ocrx_word' id='word_1_77' title='bbox 64 2674 199 2768; x_wconf 69' lang='lat' dir='ltr'><em>stupor</em></span> <span class='ocrx_word' id='word_1_78' title='bbox 218 2692 263 2743; x_wconf 87' lang='lat' dir='ltr'><em>er</em></span> <span class='ocrx_word' id='word_1_79' title='bbox 280 2652 370 2744; x_wconf 70' lang='lat' dir='ltr'><em>vin}</em></span> <span class='ocrx_word' id='word_1_80' title='bbox 430 2670 497 2748; x_wconf 88' lang='lat' dir='ltr'><em>Nu</em></span> <span class='ocrx_word' id='word_1_81' title='bbox 514 2670 588 2747; x_wconf 80' lang='lat' dir='ltr'><em>vill</em></span> <span class='ocrx_word' id='word_1_82' title='bbox 606 2669 698 2776; x_wconf 80' lang='lat' dir='ltr'><em>engi</em></span> <span class='ocrx_word' id='word_1_83' title='bbox 714 2676 831 2773; x_wconf 73' lang='lat' dir='ltr'><em>nuspr</em></span> <span class='ocrx_word' id='word_1_84' title='bbox 844 2667 931 2745; x_wconf 78' lang='lat' dir='ltr'><em>{bra</em></span> <span class='ocrx_word' id='word_1_85' title='bbox 946 2666 996 2745; x_wconf 81' lang='lat' dir='ltr'><em>til</em></span> 
     </span>
     <span class='ocr_line' id='line_1_14' title="bbox 64 2786 997 2919; baseline 0.004 -31"><span class='ocrx_word' id='word_1_86' title='bbox 64 2786 197 2915; x_wconf 66' lang='lat' dir='ltr'><em>stapes</em></span> <span class='ocrx_word' id='word_1_87' title='bbox 224 2840 389 2918; x_wconf 76' lang='lat' dir='ltr'><em>omega,</em></span> <span class='ocrx_word' id='word_1_88' title='bbox 425 2823 473 2919; x_wconf 76' lang='lat' dir='ltr'><em>pa</em></span> <span class='ocrx_word' id='word_1_89' title='bbox 503 2845 526 2893; x_wconf 84' lang='lat' dir='ltr'><em>a</em></span> <span class='ocrx_word' id='word_1_90' title='bbox 555 2833 597 2893; x_wconf 79' lang='lat' dir='ltr'><em>at</em></span> <span class='ocrx_word' id='word_1_91' title='bbox 621 2814 740 2894; x_wconf 81' lang='lat' dir='ltr'><em>dbma</em></span> <span class='ocrx_word' id='word_1_92' title='bbox 767 2814 997 2893; x_wconf 70' lang='lat' dir='ltr'><em>framstsrslo</em></span> 
     </span>
     <span class='ocr_line' id='line_1_15' title="bbox 64 2959 1006 3067; baseline 0.005 -34"><span class='ocrx_word' id='word_1_93' title='bbox 64 2987 324 3065; x_wconf 80' lang='lat' dir='ltr'><em>omaganum,</em></span> <span class='ocrx_word' id='word_1_94' title='bbox 352 2960 532 3065; x_wconf 82' lang='lat' dir='ltr'><em>¹)[slica]</em></span> <span class='ocrx_word' id='word_1_95' title='bbox 546 2989 628 3039; x_wconf 83' lang='lat' dir='ltr'><em>sem</em></span> <span class='ocrx_word' id='word_1_96' title='bbox 645 2959 757 3040; x_wconf 86' lang='lat' dir='ltr'><em>hann</em></span> <span class='ocrx_word' id='word_1_97' title='bbox 772 2959 886 3067; x_wconf 77' lang='lat' dir='ltr'><em>haspi</em></span> <span class='ocrx_word' id='word_1_98' title='bbox 903 2969 1006 3066; x_wconf 73' lang='lat' dir='ltr'><em>apr.¹</em></span> 
     </span>
     <span class='ocr_line' id='line_1_16' title="bbox 65 3106 995 3214; baseline 0.005 -33"><span class='ocrx_word' id='word_1_99' title='bbox 65 3106 119 3182; x_wconf 83' lang='lat' dir='ltr'><em>EI</em></span> <span class='ocrx_word' id='word_1_100' title='bbox 134 3107 225 3212; x_wconf 82' lang='lat' dir='ltr'><em>engi</em></span> <span class='ocrx_word' id='word_1_101' title='bbox 241 3108 363 3184; x_wconf 77' lang='lat' dir='ltr'><em>&#39;Ibmr</em></span> <span class='ocrx_word' id='word_1_102' title='bbox 382 3118 480 3186; x_wconf 83' lang='lat' dir='ltr'><em>viirn</em></span> <span class='ocrx_word' id='word_1_103' title='bbox 501 3107 606 3185; x_wconf 84' lang='lat' dir='ltr'><em>fram</em></span> <span class='ocrx_word' id='word_1_104' title='bbox 625 3106 730 3214; x_wconf 80' lang='lat' dir='ltr'><em>fyrir</em></span> <span class='ocrx_word' id='word_1_105' title='bbox 747 3106 877 3202; x_wconf 84' lang='lat' dir='ltr'><em>bana,</em></span> <span class='ocrx_word' id='word_1_106' title='bbox 900 3117 995 3212; x_wconf 72' lang='lat' dir='ltr'><em>pan</em></span> 
     </span>
     <span class='ocr_line' id='line_1_17' title="bbox 64 3252 993 3360; baseline -0.003 -27"><span class='ocrx_word' id='word_1_107' title='bbox 64 3271 107 3333; x_wconf 85' lang='lat' dir='ltr'><em>at</em></span> <span class='ocrx_word' id='word_1_108' title='bbox 121 3253 239 3332; x_wconf 83' lang='lat' dir='ltr'><em>‹liima</em></span> <span class='ocrx_word' id='word_1_109' title='bbox 254 3284 276 3331; x_wconf 84' lang='lat' dir='ltr'><strong>a</strong></span> <span class='ocrx_word' id='word_1_110' title='bbox 292 3253 424 3332; x_wconf 88' lang='lat' dir='ltr'><em>hendr</em></span> <span class='ocrx_word' id='word_1_111' title='bbox 439 3254 608 3350; x_wconf 84' lang='lat' dir='ltr'><em>hanam,</em></span> <span class='ocrx_word' id='word_1_112' title='bbox 628 3282 675 3334; x_wconf 90' lang='lat' dir='ltr'><em>oc</em></span> <span class='ocrx_word' id='word_1_113' title='bbox 692 3256 705 3331; x_wconf 91' lang='lat' dir='ltr'><em>i</em></span> <span class='ocrx_word' id='word_1_114' title='bbox 721 3264 832 3360; x_wconf 78' lang='lat' dir='ltr'><em>pann</em></span> <span class='ocrx_word' id='word_1_115' title='bbox 847 3252 993 3360; x_wconf 84' lang='lat' dir='ltr'><em>hrepp,</em></span> 
     </span>
     <span class='ocr_line' id='line_1_18' title="bbox 65 3397 995 3506; baseline -0.001 -29"><span class='ocrx_word' id='word_1_116' title='bbox 65 3428 111 3477; x_wconf 87' lang='lat' dir='ltr'><em>er</em></span> <span class='ocrx_word' id='word_1_117' title='bbox 136 3398 250 3478; x_wconf 79' lang='lat' dir='ltr'><em>hana</em></span> <span class='ocrx_word' id='word_1_118' title='bbox 279 3428 323 3478; x_wconf 86' lang='lat' dir='ltr'><em>er</em></span> <span class='ocrx_word' id='word_1_119' title='bbox 352 3401 390 3496; x_wconf 91' lang='lat' dir='ltr'><em>i,</em></span> <span class='ocrx_word' id='word_1_120' title='bbox 426 3429 476 3479; x_wconf 87' lang='lat' dir='ltr'><em>en</em></span> <span class='ocrx_word' id='word_1_121' title='bbox 505 3402 597 3506; x_wconf 73' lang='lat' dir='ltr'><em>peis</em></span> <span class='ocrx_word' id='word_1_122' title='bbox 623 3403 731 3479; x_wconf 80' lang='lat' dir='ltr'><em>scolo</em></span> <span class='ocrx_word' id='word_1_123' title='bbox 757 3397 871 3477; x_wconf 81' lang='lat' dir='ltr'><em>hana</em></span> <span class='ocrx_word' id='word_1_124' title='bbox 900 3398 995 3476; x_wconf 81' lang='lat' dir='ltr'><em>haia</em></span> 
     </span>
    </p>
   </div>
   <div class='ocr_carea' id='block_1_8' title="bbox 1056 689 1987 1676">
    <p class='ocr_par' dir='ltr' id='par_1_8' title="bbox 1056 689 1987 1676">
     <span class='ocr_line' id='line_1_19' title="bbox 1056 689 1983 792; baseline 0.003 -31"><span class='ocrx_word' id='word_1_125' title='bbox 1056 691 1093 761; x_wconf 85' lang='lat' dir='ltr'><em>si</em></span> <span class='ocrx_word' id='word_1_126' title='bbox 1121 691 1163 762; x_wconf 88' lang='lat' dir='ltr'><em>in</em></span> <span class='ocrx_word' id='word_1_127' title='bbox 1189 690 1355 764; x_wconf 85' lang='lat' dir='ltr'><em>comitiis</em></span> <span class='ocrx_word' id='word_1_128' title='bbox 1383 689 1448 763; x_wconf 82' lang='lat' dir='ltr'><em>ille</em></span> <span class='ocrx_word' id='word_1_129' title='bbox 1457 740 1475 777; x_wconf 91' lang='lat'><em>,</em></span> <span class='ocrx_word' id='word_1_130' title='bbox 1513 691 1554 763; x_wconf 89' lang='lat' dir='ltr'><em>in</em></span> <span class='ocrx_word' id='word_1_131' title='bbox 1582 715 1691 792; x_wconf 78' lang='lat' dir='ltr'><em>quem</em></span> <span class='ocrx_word' id='word_1_132' title='bbox 1718 689 1983 765; x_wconf 88' lang='lat' dir='ltr'><em>denuntiatum</em></span> 
     </span>
     <span class='ocr_line' id='line_1_20' title="bbox 1056 834 1984 939; baseline 0 -29"><span class='ocrx_word' id='word_1_133' title='bbox 1056 849 1139 926; x_wconf 87' lang='lat' dir='ltr'><em>est,</em></span> <span class='ocrx_word' id='word_1_134' title='bbox 1175 834 1363 938; x_wconf 83' lang='lat' dir='ltr'><em>adfuerit,</em></span> <span class='ocrx_word' id='word_1_135' title='bbox 1397 849 1508 910; x_wconf 89' lang='lat' dir='ltr'><em>actor</em></span> <span class='ocrx_word' id='word_1_136' title='bbox 1535 837 1650 938; x_wconf 73' lang='lat' dir='ltr'><em>effati</em></span> <span class='ocrx_word' id='word_1_137' title='bbox 1678 839 1874 939; x_wconf 84' lang='lat' dir='ltr'><em>postulare</em></span> <span class='ocrx_word' id='word_1_138' title='bbox 1906 863 1984 913; x_wconf 90' lang='lat' dir='ltr'><em>non</em></span> 
     </span>
     <span class='ocr_line' id='line_1_21' title="bbox 1058 980 1986 1088; baseline 0.002 -30"><span class='ocrx_word' id='word_1_139' title='bbox 1058 996 1223 1058; x_wconf 86' lang='lat' dir='ltr'><em>tenetur.</em></span> <span class='ocrx_word' id='word_1_140' title='bbox 1296 980 1476 1057; x_wconf 82' lang='lat' dir='ltr'><em>Testibus</em></span> <span class='ocrx_word' id='word_1_141' title='bbox 1503 981 1685 1058; x_wconf 76' lang='lat' dir='ltr'><em>adhibitis</em></span> <span class='ocrx_word' id='word_1_142' title='bbox 1711 988 1772 1087; x_wconf 85' lang='lat' dir='ltr'><em>ei,</em></span> <span class='ocrx_word' id='word_1_143' title='bbox 1809 990 1849 1059; x_wconf 88' lang='lat' dir='ltr'><em>in</em></span> <span class='ocrx_word' id='word_1_144' title='bbox 1877 1008 1986 1088; x_wconf 83' lang='lat' dir='ltr'><em>quern</em></span> 
     </span>
     <span class='ocr_line' id='line_1_22' title="bbox 1058 1130 1987 1233; baseline 0.003 -29"><span class='ocrx_word' id='word_1_145' title='bbox 1058 1135 1139 1233; x_wconf 77' lang='lat' dir='ltr'><em>quis</em></span> <span class='ocrx_word' id='word_1_146' title='bbox 1164 1155 1322 1204; x_wconf 90' lang='lat' dir='ltr'><em>causam</em></span> <span class='ocrx_word' id='word_1_147' title='bbox 1350 1130 1588 1228; x_wconf 80' lang='lat' dir='ltr'><em>denuntiarit</em></span> <span class='ocrx_word' id='word_1_148' title='bbox 1610 1133 1891 1211; x_wconf 83' lang='lat' dir='ltr'><em>alimentariam</em></span> <span class='ocrx_word' id='word_1_149' title='bbox 1900 1186 1918 1224; x_wconf 86' lang='lat'><em>,</em></span> <span class='ocrx_word' id='word_1_150' title='bbox 1948 1132 1987 1208; x_wconf 85' lang='lat' dir='ltr'><em>si</em></span> 
     </span>
     <span class='ocr_line' id='line_1_23' title="bbox 1059 1277 1985 1380; baseline 0.01 -32"><span class='ocrx_word' id='word_1_151' title='bbox 1059 1279 1101 1350; x_wconf 89' lang='lat' dir='ltr'><em>in</em></span> <span class='ocrx_word' id='word_1_152' title='bbox 1118 1280 1279 1352; x_wconf 83' lang='lat' dir='ltr'><em>comitiis</em></span> <span class='ocrx_word' id='word_1_153' title='bbox 1297 1277 1479 1380; x_wconf 85' lang='lat' dir='ltr'><em>adfuerit,</em></span> <span class='ocrx_word' id='word_1_154' title='bbox 1509 1278 1581 1353; x_wconf 83' lang='lat' dir='ltr'><em>boo</em></span> <span class='ocrx_word' id='word_1_155' title='bbox 1598 1282 1721 1379; x_wconf 89' lang='lat' dir='ltr'><em>ipsum</em></span> <span class='ocrx_word' id='word_1_156' title='bbox 1740 1282 1985 1357; x_wconf 87' lang='lat' dir='ltr'><em>indicandum</em></span> 
     </span>
     <span class='ocr_line' id='line_1_24' title="bbox 1057 1422 1986 1528; baseline 0.004 -28"><span class='ocrx_word' id='word_1_157' title='bbox 1057 1439 1142 1512; x_wconf 87' lang='lat' dir='ltr'><em>est,</em></span> <span class='ocrx_word' id='word_1_158' title='bbox 1177 1422 1240 1527; x_wconf 71' lang='lat' dir='ltr'><em>ori</em></span> <span class='ocrx_word' id='word_1_159' title='bbox 1263 1439 1369 1511; x_wconf 85' lang='lat' dir='ltr'><em>turn,</em></span> <span class='ocrx_word' id='word_1_160' title='bbox 1401 1427 1438 1498; x_wconf 89' lang='lat' dir='ltr'><em>si</em></span> <span class='ocrx_word' id='word_1_161' title='bbox 1457 1425 1672 1528; x_wconf 82' lang='lat' dir='ltr'><em>placuerit,</em></span> <span class='ocrx_word' id='word_1_162' title='bbox 1706 1452 1783 1502; x_wconf 90' lang='lat' dir='ltr'><em>non</em></span> <span class='ocrx_word' id='word_1_163' title='bbox 1809 1455 1895 1506; x_wconf 79' lang='lat' dir='ltr'><em>uero</em></span> <span class='ocrx_word' id='word_1_164' title='bbox 1919 1454 1986 1504; x_wconf 84' lang='lat' dir='ltr'><em>aa·</em></span> 
     </span>
     <span class='ocr_line' id='line_1_25' title="bbox 1060 1571 1852 1676; baseline 0.008 -31"><span class='ocrx_word' id='word_1_165' title='bbox 1060 1576 1160 1648; x_wconf 88' lang='lat' dir='ltr'><em>tione</em></span> <span class='ocrx_word' id='word_1_166' title='bbox 1171 1571 1368 1676; x_wconf 77' lang='lat' dir='ltr'><em>fungens,</em></span> <span class='ocrx_word' id='word_1_167' title='bbox 1397 1571 1579 1649; x_wconf 74' lang='lat' dir='ltr'><em>veridicos</em></span> <span class='ocrx_word' id='word_1_168' title='bbox 1594 1590 1738 1650; x_wconf 83' lang='lat' dir='ltr'><em>evocet.</em></span> <span class='ocrx_word' id='word_1_169' title='bbox 1849 1610 1852 1615; x_wconf 50' lang='grc'>’</span> 
     </span>
    </p>
   </div>
   <div class='ocr_carea' id='block_1_9' title="bbox 1057 1855 2068 3217">
    <p class='ocr_par' dir='ltr' id='par_1_9' title="bbox 1057 1855 2068 3217">
     <span class='ocr_line' id='line_1_26' title="bbox 1351 1855 1694 1944; baseline 0.015 -5"><span class='ocrx_word' id='word_1_170' title='bbox 1351 1855 1533 1943; x_wconf 79' lang='lat' dir='ltr'><em>Tnuws</em></span> <span class='ocrx_word' id='word_1_171' title='bbox 1567 1857 1694 1944; x_wconf 87' lang='lat' dir='ltr'><strong>Vlll.</strong></span> 
     </span>
     <span class='ocr_line' id='line_1_27' title="bbox 1311 2019 1732 2122; baseline 0.002 -28"><span class='ocrx_word' id='word_1_172' title='bbox 1311 2019 1732 2122; x_wconf 69' lang='lat' dir='ltr'><em>Deinopia</em></span> 
     </span>
     <span class='ocr_line' id='line_1_28' title="bbox 1057 2162 1988 2332; baseline 0.004 -36"><span class='ocrx_word' id='word_1_173' title='bbox 1057 2162 1164 2298; x_wconf 81' lang='lat' dir='ltr'><em>Ubi</em></span> <span class='ocrx_word' id='word_1_174' title='bbox 1196 2226 1325 2325; x_wconf 89' lang='lat' dir='ltr'><em>inopia</em></span> <span class='ocrx_word' id='word_1_175' title='bbox 1357 2179 1467 2332; x_wconf 74' lang='lat' dir='ltr'><em>ejus,</em></span> <span class='ocrx_word' id='word_1_176' title='bbox 1507 2227 1547 2298; x_wconf 89' lang='lat' dir='ltr'><em>in</em></span> <span class='ocrx_word' id='word_1_177' title='bbox 1582 2254 1688 2331; x_wconf 77' lang='lat' dir='ltr'><em>quern</em></span> <span class='ocrx_word' id='word_1_178' title='bbox 1721 2227 1988 2303; x_wconf 86' lang='lat' dir='ltr'><em>denuntiatum</em></span> 
     </span>
     <span class='ocr_line' id='line_1_29' title="bbox 1057 2370 2035 2477; baseline 0 -27"><span class='ocrx_word' id='word_1_179' title='bbox 1057 2387 1143 2462; x_wconf 85' lang='lat' dir='ltr'><em>est,</em></span> <span class='ocrx_word' id='word_1_180' title='bbox 1173 2370 1467 2475; x_wconf 85' lang='lat' dir='ltr'><em>comprobatur,</em></span> <span class='ocrx_word' id='word_1_181' title='bbox 1503 2390 1545 2448; x_wconf 89' lang='lat' dir='ltr'><em>et</em></span> <span class='ocrx_word' id='word_1_182' title='bbox 1570 2381 1713 2468; x_wconf 84' lang='lat' dir='ltr'><em>(actor)</em></span> <span class='ocrx_word' id='word_1_183' title='bbox 1741 2377 1789 2452; x_wconf 91' lang='lat' dir='ltr'><em>de</em></span> <span class='ocrx_word' id='word_1_184' title='bbox 1813 2375 1990 2477; x_wconf 86' lang='lat' dir='ltr'><em>pluribus</em></span> <span class='ocrx_word' id='word_1_185' title='bbox 2032 2402 2035 2411; x_wconf 88' lang='lat'><strong>·</strong></span> 
     </span>
     <span class='ocr_line' id='line_1_30' title="bbox 1061 2520 1992 2622; baseline 0.001 -24"><span class='ocrx_word' id='word_1_186' title='bbox 1061 2520 1201 2599; x_wconf 83' lang='lat' dir='ltr'><em>alendo</em></span> <span class='ocrx_word' id='word_1_187' title='bbox 1221 2521 1506 2621; x_wconf 80' lang='lat' dir='ltr'><em>suppeditandis</em></span> <span class='ocrx_word' id='word_1_188' title='bbox 1529 2522 1623 2596; x_wconf 87' lang='lat' dir='ltr'><em>locis</em></span> <span class='ocrx_word' id='word_1_189' title='bbox 1643 2523 1829 2622; x_wconf 78' lang='lat' dir='ltr'><em>dispicere</em></span> <span class='ocrx_word' id='word_1_190' title='bbox 1846 2523 1992 2599; x_wconf 84' lang='lat' dir='ltr'><em>detrec·</em></span> 
     </span>
     <span class='ocr_line' id='line_1_31' title="bbox 1063 2668 1990 2772; baseline -0.005 -26"><span class='ocrx_word' id='word_1_191' title='bbox 1063 2683 1142 2746; x_wconf 86' lang='lat' dir='ltr'><em>tat:</em></span> <span class='ocrx_word' id='word_1_192' title='bbox 1170 2675 1379 2772; x_wconf 75' lang='lat' dir='ltr'><em>quicunque</em></span> <span class='ocrx_word' id='word_1_193' title='bbox 1396 2668 1570 2756; x_wconf 83' lang='lat' dir='ltr'><em>voluerit,</em></span> <span class='ocrx_word' id='word_1_194' title='bbox 1592 2685 1736 2743; x_wconf 89' lang='lat' dir='ltr'><em>certam</em></span> <span class='ocrx_word' id='word_1_195' title='bbox 1754 2676 1990 2745; x_wconf 90' lang='lat' dir='ltr'><em>mansionem</em></span> 
     </span>
     <span class='ocr_line' id='line_1_32' title="bbox 1062 2814 2068 2920; baseline -0.007 -27"><span class='ocrx_word' id='word_1_196' title='bbox 1062 2816 1200 2893; x_wconf 82' lang='lat' dir='ltr'><em>alendo</em></span> <span class='ocrx_word' id='word_1_197' title='bbox 1219 2814 1508 2889; x_wconf 85' lang='lat' dir='ltr'><em>subministrare</em></span> <span class='ocrx_word' id='word_1_198' title='bbox 1523 2829 1662 2914; x_wconf 78' lang='lat' dir='ltr'><em>potest.</em></span> <span class='ocrx_word' id='word_1_199' title='bbox 1727 2814 1872 2920; x_wconf 78' lang='lat' dir='ltr'><em>Quodsi</em></span> <span class='ocrx_word' id='word_1_200' title='bbox 1886 2815 1992 2889; x_wconf 83' lang='lat' dir='ltr'><em>alen·</em></span> <span class='ocrx_word' id='word_1_201' title='bbox 2064 2839 2068 2847; x_wconf 75' lang='grc'>’</span> 
     </span>
     <span class='ocr_line' id='line_1_33' title="bbox 1060 2925 1989 3066; baseline -0.005 -28"><span class='ocrx_word' id='word_1_202' title='bbox 1060 2965 1153 3041; x_wconf 89' lang='lat' dir='ltr'><em>dum</em></span> <span class='ocrx_word' id='word_1_203' title='bbox 1185 2977 1290 3037; x_wconf 91' lang='lat' dir='ltr'><em>certo</em></span> <span class='ocrx_word' id='word_1_204' title='bbox 1323 2964 1406 3037; x_wconf 89' lang='lat' dir='ltr'><em>loco</em></span> <span class='ocrx_word' id='word_1_205' title='bbox 1439 2965 1638 3066; x_wconf 76' lang='lat' dir='ltr'><em>injungere</em></span> <span class='ocrx_word' id='word_1_206' title='bbox 1670 2989 1782 3037; x_wconf 88' lang='lat' dir='ltr'><em>nemo</em></span> <span class='ocrx_word' id='word_1_207' title='bbox 1814 2925 1989 3051; x_wconf 75' lang='lat' dir='ltr'><em>uoluerit,</em></span> 
     </span>
     <span class='ocr_line' id='line_1_34' title="bbox 1061 3076 1992 3217; baseline -0.004 -31"><span class='ocrx_word' id='word_1_208' title='bbox 1061 3111 1195 3186; x_wconf 84' lang='lat' dir='ltr'><em>eadem</em></span> <span class='ocrx_word' id='word_1_209' title='bbox 1221 3136 1268 3184; x_wconf 88' lang='lat' dir='ltr'><em>ao</em></span> <span class='ocrx_word' id='word_1_210' title='bbox 1291 3123 1407 3183; x_wconf 86' lang='lat' dir='ltr'><em>anteo</em></span> <span class='ocrx_word' id='word_1_211' title='bbox 1428 3076 1566 3217; x_wconf 80' lang='lat' dir='ltr'><em>babuit</em></span> <span class='ocrx_word' id='word_1_212' title='bbox 1583 3115 1810 3184; x_wconf 79' lang='lat' dir='ltr'><em>sustentatio</em></span> <span class='ocrx_word' id='word_1_213' title='bbox 1827 3114 1866 3184; x_wconf 92' lang='lat' dir='ltr'><em>ei</em></span> <span class='ocrx_word' id='word_1_214' title='bbox 1881 3110 1992 3211; x_wconf 78' lang='lat' dir='ltr'><em>adju·</em></span> 
     </span>
    </p>
   </div>
   <div class='ocr_carea' id='block_1_10' title="bbox 1062 3254 1993 3349">
    <p class='ocr_par' dir='ltr' id='par_1_10' title="bbox 1062 3254 1993 3349">
     <span class='ocr_line' id='line_1_35' title="bbox 1062 3254 1993 3349; baseline -0.004 -16"><span class='ocrx_word' id='word_1_215' title='bbox 1062 3259 1223 3334; x_wconf 80' lang='lat' dir='ltr'><em>dicetur.</em></span> <span class='ocrx_word' id='word_1_216' title='bbox 1277 3257 1342 3345; x_wconf 84' lang='lat' dir='ltr'><em>Et,</em></span> <span class='ocrx_word' id='word_1_217' title='bbox 1368 3262 1403 3330; x_wconf 87' lang='lat' dir='ltr'><em>si</em></span> <span class='ocrx_word' id='word_1_218' title='bbox 1418 3254 1616 3347; x_wconf 82' lang='lat' dir='ltr'><em>(alendum</em></span> <span class='ocrx_word' id='word_1_219' title='bbox 1636 3257 1746 3331; x_wconf 90' lang='lat' dir='ltr'><em>modo</em></span> <span class='ocrx_word' id='word_1_220' title='bbox 1765 3262 1919 3349; x_wconf 85' lang='lat' dir='ltr'><em>tenens)</em></span> <span class='ocrx_word' id='word_1_221' title='bbox 1937 3257 1993 3329; x_wconf 85' lang='lat' dir='ltr'><em>al·</em></span> 
     </span>
    </p>
   </div>
   <div class='ocr_carea' id='block_1_11' title="bbox 1062 3402 1991 3503">
    <p class='ocr_par' dir='ltr' id='par_1_11' title="bbox 1062 3402 1991 3503">
     <span class='ocr_line' id='line_1_36' title="bbox 1062 3402 1991 3503; baseline -0.002 -25"><span class='ocrx_word' id='word_1_222' title='bbox 1062 3404 1141 3479; x_wconf 84' lang='lat' dir='ltr'><em>iata</em></span> <span class='ocrx_word' id='word_1_223' title='bbox 1159 3408 1386 3503; x_wconf 82' lang='lat' dir='ltr'><em>exceptione</em></span> <span class='ocrx_word' id='word_1_224' title='bbox 1405 3429 1482 3478; x_wconf 90' lang='lat' dir='ltr'><em>non</em></span> <span class='ocrx_word' id='word_1_225' title='bbox 1503 3402 1702 3492; x_wconf 86' lang='lat' dir='ltr'><em>liberatur,</em></span> <span class='ocrx_word' id='word_1_226' title='bbox 1733 3404 1821 3477; x_wconf 82' lang='lat' dir='ltr'><em>huic</em></span> <span class='ocrx_word' id='word_1_227' title='bbox 1840 3403 1903 3478; x_wconf 87' lang='lat' dir='ltr'><em>ille</em></span> <span class='ocrx_word' id='word_1_228' title='bbox 1922 3403 1991 3477; x_wconf 86' lang='lat' dir='ltr'><em>ad·</em></span> 
     </span>
    </p>
   </div>
   <div class='ocr_carea' id='block_1_12' title="bbox 69 3544 1993 3655">
    <p class='ocr_par' dir='ltr' id='par_1_12' title="bbox 69 3544 1993 3655">
     <span class='ocr_line' id='line_1_37' title="bbox 69 3544 1993 3655; baseline -0.002 -30"><span class='ocrx_word' id='word_1_229' title='bbox 69 3546 399 3653; x_wconf 82' lang='lat' dir='ltr'><em>2)hreps·omagn</em></span> <span class='ocrx_word' id='word_1_230' title='bbox 416 3558 499 3652; x_wconf 76' lang='lat' dir='ltr'><em>pau</em></span> <span class='ocrx_word' id='word_1_231' title='bbox 516 3548 691 3640; x_wconf 85' lang='lat' dir='ltr'><em>misseri,</em></span> <span class='ocrx_word' id='word_1_232' title='bbox 714 3575 793 3623; x_wconf 87' lang='lat' dir='ltr'><em>enn</em></span> <span class='ocrx_word' id='word_1_233' title='bbox 812 3563 854 3623; x_wconf 83' lang='lat' dir='ltr'><em>at</em></span> <span class='ocrx_word' id='word_1_234' title='bbox 867 3544 994 3623; x_wconf 83' lang='lat' dir='ltr'><em>samri</em></span> <span class='ocrx_word' id='word_1_235' title='bbox 1051 3551 1273 3655; x_wconf 86' lang='lat' dir='ltr'><em>judicetur,</em></span> <span class='ocrx_word' id='word_1_236' title='bbox 1304 3577 1499 3654; x_wconf 73' lang='lat' dir='ltr'><em>pagoque,</em></span> <span class='ocrx_word' id='word_1_237' title='bbox 1529 3576 1635 3652; x_wconf 74' lang='lat' dir='ltr'><em>quem</em></span> <span class='ocrx_word' id='word_1_238' title='bbox 1660 3549 1846 3624; x_wconf 77' lang='lat' dir='ltr'><em>inhabitat</em></span> <span class='ocrx_word' id='word_1_239' title='bbox 1855 3580 1873 3635; x_wconf 88' lang='lat'><em>,·</em></span> <span class='ocrx_word' id='word_1_240' title='bbox 1902 3553 1993 3654; x_wconf 86' lang='lat' dir='ltr'><em>pagi</em></span> 
     </span>
    </p>
   </div>
   <div class='ocr_carea' id='block_1_13' title="bbox 62 3692 996 4242">
    <p class='ocr_par' dir='ltr' id='par_1_13' title="bbox 62 3692 996 4242">
     <span class='ocr_line' id='line_1_38' title="bbox 63 3692 992 3808; baseline -0.009 -34"><span class='ocrx_word' id='word_1_241' title='bbox 63 3697 156 3803; x_wconf 76' lang='lat' dir='ltr'><em>eigo</em></span> <span class='ocrx_word' id='word_1_242' title='bbox 184 3695 275 3799; x_wconf 78' lang='lat' dir='ltr'><em>peir</em></span> <span class='ocrx_word' id='word_1_243' title='bbox 300 3713 343 3772; x_wconf 85' lang='lat' dir='ltr'><em>at</em></span> <span class='ocrx_word' id='word_1_244' title='bbox 369 3695 512 3798; x_wconf 73' lang='lat' dir='ltr'><em>qvepia</em></span> <span class='ocrx_word' id='word_1_245' title='bbox 539 3693 690 3773; x_wconf 82' lang='lat' dir='ltr'><em>hanom</em></span> <span class='ocrx_word' id='word_1_246' title='bbox 717 3692 992 3808; x_wconf 71' lang='lat' dir='ltr'><em>biargqvspar.</em></span> 
     </span>
     <span class='ocr_line' id='line_1_39' title="bbox 64 3836 995 3947; baseline -0.009 -25"><span class='ocrx_word' id='word_1_247' title='bbox 64 3846 132 3922; x_wconf 79' lang='lat' dir='ltr'><em>Nu</em></span> <span class='ocrx_word' id='word_1_248' title='bbox 153 3841 199 3919; x_wconf 87' lang='lat' dir='ltr'><em>ef</em></span> <span class='ocrx_word' id='word_1_249' title='bbox 215 3850 287 3947; x_wconf 76' lang='lat' dir='ltr'><em>pat</em></span> <span class='ocrx_word' id='word_1_250' title='bbox 308 3841 403 3917; x_wconf 86' lang='lat' dir='ltr'><em>herr</em></span> <span class='ocrx_word' id='word_1_251' title='bbox 424 3842 567 3947; x_wconf 79' lang='lat' dir='ltr'><em>qvipr,</em></span> <span class='ocrx_word' id='word_1_252' title='bbox 598 3859 641 3920; x_wconf 84' lang='lat' dir='ltr'><em>at</em></span> <span class='ocrx_word' id='word_1_253' title='bbox 661 3837 825 3918; x_wconf 81' lang='lat' dir='ltr'><em>vanefni</em></span> <span class='ocrx_word' id='word_1_254' title='bbox 850 3836 995 3917; x_wconf 85' lang='lat' dir='ltr'><em>mundi</em></span> 
     </span>
     <span class='ocr_line' id='line_1_40' title="bbox 63 3986 996 4096; baseline -0.005 -30"><span class='ocrx_word' id='word_1_255' title='bbox 63 3990 161 4068; x_wconf 84' lang='lat' dir='ltr'><em>bera</em></span> <span class='ocrx_word' id='word_1_256' title='bbox 190 4007 231 4068; x_wconf 85' lang='lat' dir='ltr'><em>et</em></span> <span class='ocrx_word' id='word_1_257' title='bbox 258 3988 368 4096; x_wconf 79' lang='lat' dir='ltr'><em>fyrra</em></span> <span class='ocrx_word' id='word_1_258' title='bbox 395 3988 586 4083; x_wconf 79' lang='lat' dir='ltr'><em>samarit,</em></span> <span class='ocrx_word' id='word_1_259' title='bbox 622 3986 668 4066; x_wconf 82' lang='lat' dir='ltr'><em>ei</em></span> <span class='ocrx_word' id='word_1_260' title='bbox 687 3994 740 4091; x_wconf 76' lang='lat' dir='ltr'><em>po</em></span> <span class='ocrx_word' id='word_1_261' title='bbox 769 3986 854 4063; x_wconf 85' lang='lat' dir='ltr'><em>veri</em></span> <span class='ocrx_word' id='word_1_262' title='bbox 883 4002 996 4090; x_wconf 82' lang='lat' dir='ltr'><em>qvatt</em></span> 
     </span>
     <span class='ocr_line' id='line_1_41' title="bbox 62 4131 995 4242; baseline -0.005 -29"><span class='ocrx_word' id='word_1_263' title='bbox 62 4136 404 4242; x_wconf 77' lang='lat' dir='ltr'><em>biargqviparins,</em></span> <span class='ocrx_word' id='word_1_264' title='bbox 428 4162 476 4214; x_wconf 93' lang='lat' dir='ltr'><em>oc</em></span> <span class='ocrx_word' id='word_1_265' title='bbox 491 4164 513 4213; x_wconf 83' lang='lat' dir='ltr'><em>a</em></span> <span class='ocrx_word' id='word_1_266' title='bbox 530 4143 581 4241; x_wconf 68' lang='lat' dir='ltr'><em>pa</em></span> <span class='ocrx_word' id='word_1_267' title='bbox 599 4132 718 4211; x_wconf 77' lang='lat' dir='ltr'><em>dome</em></span> <span class='ocrx_word' id='word_1_268' title='bbox 731 4149 772 4210; x_wconf 86' lang='lat' dir='ltr'><em>at</em></span> <span class='ocrx_word' id='word_1_269' title='bbox 786 4131 903 4211; x_wconf 81' lang='lat' dir='ltr'><em>diima</em></span> <span class='ocrx_word' id='word_1_270' title='bbox 919 4158 995 4209; x_wconf 83' lang='lat' dir='ltr'><em>ena</em></span> 
     </span>
    </p>
   </div>
   <div class='ocr_carea' id='block_1_14' title="bbox 1060 3682 1995 4240">
    <p class='ocr_par' dir='ltr' id='par_1_14' title="bbox 1060 3682 1995 4240">
     <span class='ocr_line' id='line_1_42' title="bbox 1063 3682 1992 3790; baseline -0.003 -17"><span class='ocrx_word' id='word_1_271' title='bbox 1063 3724 1149 3773; x_wconf 81' lang='lat' dir='ltr'><em>vero</em></span> <span class='ocrx_word' id='word_1_272' title='bbox 1175 3682 1317 3772; x_wconf 81' lang='lat' dir='ltr'><em>ineolae</em></span> <span class='ocrx_word' id='word_1_273' title='bbox 1343 3700 1391 3769; x_wconf 82' lang='lat' dir='ltr'><em>iis</em></span> <span class='ocrx_word' id='word_1_274' title='bbox 1419 3695 1665 3771; x_wconf 86' lang='lat' dir='ltr'><em>semestribns</em></span> <span class='ocrx_word' id='word_1_275' title='bbox 1691 3704 1749 3790; x_wconf 76' lang='lat' dir='ltr'><em>(os</em></span> <span class='ocrx_word' id='word_1_276' title='bbox 1774 3698 1845 3772; x_wconf 85' lang='lat' dir='ltr'><em>boc</em></span> <span class='ocrx_word' id='word_1_277' title='bbox 1869 3704 1992 3790; x_wconf 85' lang='lat' dir='ltr'><em>auno)</em></span> 
     </span>
     <span class='ocr_line' id='line_1_43' title="bbox 1060 3843 1992 3947; baseline 0 -27"><span class='ocrx_word' id='word_1_278' title='bbox 1060 3848 1122 3933; x_wconf 88' lang='lat' dir='ltr'><em>ei,</em></span> <span class='ocrx_word' id='word_1_279' title='bbox 1160 3869 1231 3946; x_wconf 69' lang='lat' dir='ltr'><em>qva</em></span> <span class='ocrx_word' id='word_1_280' title='bbox 1263 3843 1402 3918; x_wconf 87' lang='lat' dir='ltr'><em>alendo</em></span> <span class='ocrx_word' id='word_1_281' title='bbox 1430 3846 1521 3946; x_wconf 85' lang='lat' dir='ltr'><em>pagi</em></span> <span class='ocrx_word' id='word_1_282' title='bbox 1548 3848 1862 3919; x_wconf 83' lang='lat' dir='ltr'><em>sustentationem</em></span> <span class='ocrx_word' id='word_1_283' title='bbox 1888 3865 1992 3947; x_wconf 76' lang='lat' dir='ltr'><em>prce·</em></span> 
     </span>
     <span class='ocr_line' id='line_1_44' title="bbox 1062 3986 1992 4078; baseline -0.002 -12"><span class='ocrx_word' id='word_1_284' title='bbox 1062 3986 1205 4077; x_wconf 88' lang='lat' dir='ltr'><em>beant,</em></span> <span class='ocrx_word' id='word_1_285' title='bbox 1238 3989 1409 4064; x_wconf 79' lang='lat' dir='ltr'><em>secunda</em></span> <span class='ocrx_word' id='word_1_286' title='bbox 1435 4015 1522 4063; x_wconf 77' lang='lat' dir='ltr'><em>vero</em></span> <span class='ocrx_word' id='word_1_287' title='bbox 1548 4005 1684 4064; x_wconf 77' lang='lat' dir='ltr'><em>aestate</em></span> <span class='ocrx_word' id='word_1_288' title='bbox 1693 4042 1710 4078; x_wconf 91' lang='lat'><em>,</em></span> <span class='ocrx_word' id='word_1_289' title='bbox 1745 3991 1992 4066; x_wconf 77' lang='lat' dir='ltr'><em>veridicorum</em></span> 
     </span>
     <span class='ocr_line' id='line_1_45' title="bbox 1061 4132 1995 4240; baseline -0.003 -27"><span class='ocrx_word' id='word_1_290' title='bbox 1061 4138 1176 4213; x_wconf 83' lang='lat' dir='ltr'><em>altori</em></span> <span class='ocrx_word' id='word_1_291' title='bbox 1187 4137 1378 4214; x_wconf 75' lang='lat' dir='ltr'><em>auxiliare</em></span> <span class='ocrx_word' id='word_1_292' title='bbox 1392 4136 1556 4240; x_wconf 69' lang='lat' dir='ltr'><em>effatum</em></span> <span class='ocrx_word' id='word_1_293' title='bbox 1569 4132 1871 4213; x_wconf 72' lang='lat' dir='ltr'><em>subministrent.</em></span> <span class='ocrx_word' id='word_1_294' title='bbox 1918 4137 1995 4212; x_wconf 87' lang='lat' dir='ltr'><em>Ubi</em></span> 
     </span>
    </p>
   </div>
   <div class='ocr_carea' id='block_1_15' title="bbox 1062 4281 1991 4387">
    <p class='ocr_par' dir='ltr' id='par_1_15' title="bbox 1062 4281 1991 4387">
     <span class='ocr_line' id='line_1_46' title="bbox 1062 4281 1991 4387; baseline -0.003 -28"><span class='ocrx_word' id='word_1_295' title='bbox 1062 4284 1306 4359; x_wconf 77' lang='lat' dir='ltr'><em>veruiicorum</em></span> <span class='ocrx_word' id='word_1_296' title='bbox 1329 4283 1450 4387; x_wconf 84' lang='lat' dir='ltr'><em>effato</em></span> <span class='ocrx_word' id='word_1_297' title='bbox 1473 4281 1763 4382; x_wconf 86' lang='lat' dir='ltr'><em>comprobatur,</em></span> <span class='ocrx_word' id='word_1_298' title='bbox 1797 4285 1895 4387; x_wconf 78' lang='lat' dir='ltr'><em>quod</em></span> <span class='ocrx_word' id='word_1_299' title='bbox 1914 4303 1991 4358; x_wconf 85' lang='lat' dir='ltr'><em>oes-</em></span> 
     </span>
    </p>
   </div>
   <div class='ocr_carea' id='block_1_16' title="bbox 1007 4408 1991 4530">
    <p class='ocr_par' dir='ltr' id='par_1_16' title="bbox 1007 4408 1991 4530">
     <span class='ocr_line' id='line_1_47' title="bbox 1007 4408 1991 4530; baseline 0.002 -28"><span class='ocrx_word' id='word_1_300' title='bbox 1007 4408 1010 4415; x_wconf 37' lang='lat'><strong>¹</strong></span> <span class='ocrx_word' id='word_1_301' title='bbox 1063 4444 1140 4507; x_wconf 88' lang='lat' dir='ltr'><em>tate</em></span> <span class='ocrx_word' id='word_1_302' title='bbox 1164 4431 1407 4530; x_wconf 81' lang='lat' dir='ltr'><em>praecedente</em></span> <span class='ocrx_word' id='word_1_303' title='bbox 1432 4430 1630 4522; x_wconf 80' lang='lat' dir='ltr'><em>(alendum</em></span> <span class='ocrx_word' id='word_1_304' title='bbox 1656 4432 1840 4525; x_wconf 85' lang='lat' dir='ltr'><em>tenentis)</em></span> <span class='ocrx_word' id='word_1_305' title='bbox 1862 4431 1991 4529; x_wconf 87' lang='lat' dir='ltr'><em>inopia</em></span> 
     </span>
    </p>
   </div>
   <div class='ocr_carea' id='block_1_17' title="bbox 121 5154 637 5244">
    <p class='ocr_par' dir='ltr' id='par_1_17' title="bbox 121 5154 637 5244">
     <span class='ocr_line' id='line_1_48' title="bbox 121 5154 637 5244; baseline -0.008 -23"><span class='ocrx_word' id='word_1_306' title='bbox 121 5154 151 5244; x_wconf 82' lang='lat'><em>¹)</em></span> <span class='ocrx_word' id='word_1_307' title='bbox 178 5165 209 5220; x_wconf 77' lang='lat' dir='ltr'><em>B</em></span> <span class='ocrx_word' id='word_1_308' title='bbox 227 5180 295 5218; x_wconf 83' lang='lat' dir='ltr'><em>curn</em></span> <span class='ocrx_word' id='word_1_309' title='bbox 312 5162 378 5217; x_wconf 80' lang='lat' dir='ltr'><em>suis</em></span> <span class='ocrx_word' id='word_1_310' title='bbox 396 5160 531 5215; x_wconf 82' lang='lat' dir='ltr'><em>omittit:</em></span> <span class='ocrx_word' id='word_1_311' title='bbox 559 5155 637 5217; x_wconf 68' lang='lat' dir='ltr'><em>ilica.</em></span> 
     </span>
    </p>
   </div>
   <div class='ocr_carea' id='block_1_18' title="bbox 1003 5385 1053 5461">
    <p class='ocr_par' dir='ltr' id='par_1_18' title="bbox 1003 5385 1053 5461">
     <span class='ocr_line' id='line_1_49' title="bbox 1003 5385 1053 5461; baseline 0.02 -1"><span class='ocrx_word' id='word_1_312' title='bbox 1003 5385 1053 5461; x_wconf 82' lang='lat'><em>33</em></span> 
     </span>
    </p>
   </div>
   <div class='ocr_carea' id='block_1_19' title="bbox 1060 4573 1992 4971">
    <p class='ocr_par' dir='ltr' id='par_1_19' title="bbox 1060 4573 1992 4971">
     <span class='ocr_line' id='line_1_50' title="bbox 1060 4573 1990 4679; baseline -0.003 -29"><span class='ocrx_word' id='word_1_313' title='bbox 1060 4573 1305 4674; x_wconf 87' lang='lat' dir='ltr'><em>comprobata</em></span> <span class='ocrx_word' id='word_1_314' title='bbox 1317 4575 1463 4679; x_wconf 86' lang='lat' dir='ltr'><em>fuerit,</em></span> <span class='ocrx_word' id='word_1_315' title='bbox 1494 4575 1605 4649; x_wconf 91' lang='lat' dir='ltr'><em>modo</em></span> <span class='ocrx_word' id='word_1_316' title='bbox 1629 4575 1789 4679; x_wconf 88' lang='lat' dir='ltr'><em>effatum</em></span> <span class='ocrx_word' id='word_1_317' title='bbox 1814 4581 1853 4650; x_wconf 89' lang='lat' dir='ltr'><em>ei</em></span> <span class='ocrx_word' id='word_1_318' title='bbox 1872 4577 1990 4650; x_wconf 81' lang='lat' dir='ltr'><em>auxi-</em></span> 
     </span>
     <span class='ocr_line' id='line_1_51' title="bbox 1062 4721 1989 4824; baseline 0.008 -32"><span class='ocrx_word' id='word_1_319' title='bbox 1062 4722 1155 4796; x_wconf 81' lang='lat' dir='ltr'><em>liare</em></span> <span class='ocrx_word' id='word_1_320' title='bbox 1187 4735 1383 4797; x_wconf 74' lang='lat' dir='ltr'><em>evocatum</em></span> <span class='ocrx_word' id='word_1_321' title='bbox 1417 4725 1491 4807; x_wconf 84' lang='lat' dir='ltr'><em>sit,</em></span> <span class='ocrx_word' id='word_1_322' title='bbox 1531 4734 1623 4797; x_wconf 85' lang='lat' dir='ltr'><em>tunc</em></span> <span class='ocrx_word' id='word_1_323' title='bbox 1647 4721 1801 4824; x_wconf 82' lang='lat' dir='ltr'><em>judiees</em></span> <span class='ocrx_word' id='word_1_324' title='bbox 1833 4721 1989 4812; x_wconf 67' lang='lat' dir='ltr'><em>alendi),</em></span> 
     </span>
     <span class='ocr_line' id='line_1_52' title="bbox 1061 4865 1992 4971; baseline 0 -29"><span class='ocrx_word' id='word_1_325' title='bbox 1061 4892 1170 4970; x_wconf 78' lang='lat' dir='ltr'><em>quam</em></span> <span class='ocrx_word' id='word_1_326' title='bbox 1185 4883 1300 4942; x_wconf 87' lang='lat' dir='ltr'><em>antea</em></span> <span class='ocrx_word' id='word_1_327' title='bbox 1316 4865 1483 4942; x_wconf 83' lang='lat' dir='ltr'><em>babebat</em></span> <span class='ocrx_word' id='word_1_328' title='bbox 1493 4870 1828 4956; x_wconf 84' lang='lat' dir='ltr'><em>sustentationem,</em></span> <span class='ocrx_word' id='word_1_329' title='bbox 1845 4869 1992 4971; x_wconf 78' lang='lat' dir='ltr'><em>adjudi-</em></span> 
     </span>
    </p>
   </div>
   <div class='ocr_carea' id='block_1_20' title="bbox 1114 5146 2058 5313">
    <p class='ocr_par' dir='ltr' id='par_1_20' title="bbox 1114 5146 2058 5313">
     <span class='ocr_line' id='line_1_53' title="bbox 1114 5146 2058 5239; baseline 0.007 -26"><span class='ocrx_word' id='word_1_330' title='bbox 1114 5146 1146 5239; x_wconf 70' lang='grc'><em>2)</em></span> <span class='ocrx_word' id='word_1_331' title='bbox 1170 5158 1203 5214; x_wconf 85' lang='grc' dir='ltr'><em>Β</em></span> <span class='ocrx_word' id='word_1_332' title='bbox 1227 5175 1298 5212; x_wconf 84' lang='lat' dir='ltr'><em>rum</em></span> <span class='ocrx_word' id='word_1_333' title='bbox 1319 5158 1385 5214; x_wconf 77' lang='lat' dir='ltr'><em>siris</em></span> <span class='ocrx_word' id='word_1_334' title='bbox 1408 5155 1504 5231; x_wconf 78' lang='lat' dir='ltr'><em>tegit:</em></span> <span class='ocrx_word' id='word_1_335' title='bbox 1533 5149 1733 5238; x_wconf 73' lang='lat' dir='ltr'><em>lirelnmeun,</em></span> <span class='ocrx_word' id='word_1_336' title='bbox 1755 5163 1843 5238; x_wconf 79' lang='lat' dir='ltr'><em>pagi</em></span> <span class='ocrx_word' id='word_1_337' title='bbox 1863 5161 1972 5219; x_wconf 75' lang='lat' dir='ltr'><em>incolae</em></span> <span class='ocrx_word' id='word_1_338' title='bbox 1978 5203 1990 5232; x_wconf 87' lang='lat'><em>,</em></span> <span class='ocrx_word' id='word_1_339' title='bbox 2053 5160 2058 5167; x_wconf 79' lang='grc'>’</span> 
     </span>
     <span class='ocr_line' id='line_1_54' title="bbox 1164 5252 1382 5313; baseline -0.009 0"><span class='ocrx_word' id='word_1_340' title='bbox 1164 5274 1254 5313; x_wconf 78' lang='lat' dir='ltr'><em>sensu</em></span> <span class='ocrx_word' id='word_1_341' title='bbox 1271 5252 1382 5312; x_wconf 82' lang='lat' dir='ltr'><em>eodem.</em></span> 
     </span>
    </p>
   </div>
   <div class='ocr_carea' id='block_1_21' title="bbox 0 0 2266 5844">
    <p class='ocr_par' dir='ltr' id='par_1_21' title="bbox 0 0 2266 5844">
     <span class='ocr_line' id='line_1_55' title="bbox 0 0 2266 5844; baseline 0 0"><span class='ocrx_word' id='word_1_342' title='bbox 0 0 2266 5844; x_wconf 95' lang='lat' dir='ltr'><em> </em></span> 
     </span>
    </p>
   </div>
  </div>
 </body>
</html>
