4522 5850
351 1222 591 1340 Conspectus
622 1222 812 1311 Codicum
840 1224 1200 1340 manuscriptorum
1217 1224 1328 1341 juris
1354 1216 1557 1312 Is'tanotci
1583 1224 1678 1311 dicti
1706 1195 1943 1339 ''Gnigeis''

374 1386 393 1419 ᾖ
1023 1469 1110 1529 quern
1133 1448 1263 1528 confecit

829 1619 1016 1693 Thordo
1052 1618 1468 1709 Sucinbibrnsen,

701 1792 892 1882 toparchiae
912 1792 1114 1859 Arneoienoi
1137 1793 1174 1859 in
1193 1791 1356 1859 lelandia
1372 1788 1588 1882 praefectum

438 1980 495 2019 noa
514 1978 575 2017 non
596 1957 634 2016 de
653 1962 786 2073 ᾞίοπε,
809 1982 902 2040 quam
924 1964 956 2019 in
976 1971 1060 2018 textu
1080 1959 1172 2035 hujuo
1183 1950 1268 2035 iurie
1288 1960 1494 2021 constituendo
1516 1960 1597 2021 idem
1618 1970 1740 2019 oecutue
1760 1958 1853 2039 eost).

202 2139 317 2239 Jurio
333 2173 503 2243 [claudici
525 2176 760 2273 antiquiooimi
781 2176 870 2242 dicti
887 2174 1030 2263 Grrtgcto
1052 2178 1150 2243 modo
1175 2178 1242 2245 duo
1267 2188 1406 2245 exotant
1424 2178 1565 2246 Codicee
1582 2175 1808 2265 pergameni,
1835 2196 1927 2267 uunq
1942 2156 2040 2237 iobii·
2071 2167 2088 2267 ἶ·

204 2290 303 2376 regia
323 2292 456 2381 majore
477 2302 695 2373 aeceruatue,
719 2315 816 2381 qoem
835 2292 956 2357 littera
973 2291 1006 2359 B
1025 2292 1173 2357 distinxi
1178 2317 1191 2374 3
1214 2294 1305 2359 alter
1325 2293 1374 2359 ad
1389 2276 1546 2383 legatum
1561 2293 1688 2361 Arnoe
1701 2291 1890 2379 Magnaei
1903 2274 2043 2377 patiam
2071 2280 2087 2317 ’·’

167 2488 172 2495 Ι
204 2427 301 2491 quem
321 2408 443 2473 littera
461 2408 499 2475 A
514 2401 728 2497 significavi.
788 2406 933 2495 Utrique
955 2406 1057 2473 ualde
1077 2408 1168 2473 inter
1189 2433 1224 2474 ee
1245 2408 1431 2502 differunt,
1465 2408 1579 2498 quoad
1597 2432 1780 2475 numerum
1801 2406 1997 2483 eectionum,
2013 2392 2047 2461 υ·
2079 2390 2089 2427 Ἀ

204 2522 372 2587 visionem
389 2525 635 2605 materiarum,
660 2522 767 2591 uerba
781 2523 1012 2612 phraeeeque‚
1036 2533 1070 2587 et
1081 2526 1372 2613 praecriptorum
1390 2537 1552 2593 exactam
1571 2520 1818 2611 difinitionem.
1864 2512 2058 2607 ovilitate·
2081 2504 2089 2517 ’

206 2657 285 2700 rum
303 2638 468 2705 Codicum
483 2662 776 2728 pergamenorum
797 2640 898 2728 quasi
916 2638 988 2703 dux
1007 2639 1079 2704 ciue
1099 2650 1202 2727 typus
1222 2653 1274 2708 cet
1288 2644 1447 2731 plurium
1465 2616 1631 2708 Codicum
1652 2641 1970 2727 manuscriptorum
1986 2632 2055 2699 chat·

208 2760 400 2834 urceorum,
424 2757 558 2843 partim
582 2754 631 2820 ad
651 2756 806 2844 legatum
824 2756 934 2823 Arnae
951 2756 1110 2843 Magnaei
1127 2758 1394 2843 pertinentium,
1416 2760 1555 2847 partim
1577 2759 1615 2822 in
1637 2756 1720 2823 aliie
1744 2754 1960 2822 bibliothecio
1972 2746 2073 2841 μυί·-

208 2868 275 2947 cie,
298 2873 437 2958 partim
459 2872 604 2959 denique
624 2875 662 2938 ia
674 2874 902 2960 priuatorum
923 2870 1182 2937 collectionibue
1204 2875 1468 2941 cuetoditorum.
1517 2873 1574 2938 Ex
1596 2872 1828 2960 apographis,
1860 2892 1938 2961 quae
1956 2868 2002 2937 ael
2015 2862 2065 2933 otl-

208 2982 386 3054 lectionem
406 2988 452 3056 A.
470 2990 628 3076 Magnoei
642 2991 837 3077 pertinent,
866 2986 936 3056 Νο.
956 2998 1034 3068 335,
1063 2994 1127 3062 336
1147 2999 1181 3055 et
1201 3001 1265 3063 337
1284 2988 1573 3057 MembranamB
1600 2989 1638 3072 (i.
1666 3013 1695 3055 e.
1721 2986 1939 3054 bibliotheca
1964 2984 2068 3073 regie&

207 3124 267 3169 rex
284 3117 400 3172 autem
417 3104 488 3174 No.
506 3119 577 3179 118.
593 3117 665 3178 120.
681 3116 837 3179 121.122.
853 3118 916 3178 338
932 3110 1044 3179 11340
1060 3128 1176 3171 omnee
1195 3106 1232 3171 in
1241 3100 1312 3194 fol.
1330 3104 1566 3171 membranam
1582 3104 1620 3173 A
1634 3106 1672 3187 (i.
1691 3128 1709 3171 e
1725 3102 1837 3171 Arnoe
1853 3100 2022 3191 Magnae)
2036 3122 2089 3209 *ᾗ

209 3231 372 3307 quuntur.
416 3224 459 3289 ln
480 3221 687 3289 bibliotheca
706 3224 804 3311 regia
824 3224 931 3289 etiam
949 3220 1096 3287 habetur
1115 3222 1358 3309 apographum
1376 3221 1587 3288 membranae
1601 3220 1647 3289 A.
1691 3221 1735 3287 In
1751 3218 1916 3288 lelandia
1935 3214 2079 3285 memte

209 3339 417 3425 apographa
435 3340 531 3426 apud
543 3341 703 3426 priuatoe
720 3348 918 3404 occurrunt.
963 3338 1077 3416 lllud,
1102 3338 1191 3426 quod
1199 3338 1401 3427 praecidetur
1418 3363 1441 3403 a
1457 3339 1500 3404 Μ
1503 3360 1609 3425 agno
1625 3338 1668 3403 St
1676 3338 1882 3425 epheneen
1899 3362 1926 3403 a
1942 3333 2083 3405 comitti·

210 3450 515 3542 Conferentiarum
535 3467 568 3523 et
586 3456 792 3523 Juotitiario
813 3454 1000 3520 tribunalis
1014 3454 1186 3520 lelandiae
1203 3456 1409 3543 ezqreriorie,
1426 3457 1564 3543 paooim
1579 3453 1751 3521 laudatur
1768 3456 1806 3521 in
1822 3455 1898 3543 ejue
1916 3452 2087 3523 Commta

209 3570 360 3662 legibue,
386 3596 463 3662 quae
472 3573 534 3660 juo
549 3573 611 3667 Iol.
629 3573 834 3639 hodiernum
852 3597 869 3635 c
896 3573 1008 3637 iciant
1026 3595 1089 3648 ee„
1111 3567 1263 3657 Hafniae
1284 3583 1379 3651 1819,
1403 3572 1464 3637 ced
1482 3594 1668 3659 quamnam
1687 3595 1729 3636 cx
1749 3571 1803 3637 hie
1821 3571 2032 3638 membranis
2048 3594 2089 3637 ee·

210 3700 338 3774 quatur
359 3688 506 3776 definire
527 3666 600 3754 nori
614 3691 724 3757 valeo.
770 3688 1021 3777 Apographum
1044 3688 1151 3753 etiam
1172 3686 1321 3752 babetur
1341 3687 1378 3752 in
1397 3686 1490 3756 Bibl.
1514 3687 1641 3752 scholae
1662 3688 1878 3753 cathedralia
1901 3688 2048 3755 Othinib
2065 3688 2089 3779 iq

210 3805 357 3885 Fionia,
386 3806 477 3893 quod
498 3807 654 3893 sequitur
676 3804 913 3871 membranam
933 3805 982 3881 Β,
1015 3802 1076 3869 eod
1098 3803 1230 3869 additio
1253 3802 1459 3890 quihuodam
1482 3801 1656 3890 capitibuo
1679 3828 1698 3868 e
1720 3806 1871 3869 tectione
1890 3804 2089 3895 ’'Vigeloda'

212 3944 288 4007 quoe
308 3945 331 3985 a
348 3920 549 3987 membrana
567 3922 606 3988 A
622 3920 781 3987 deeumta
802 3931 894 3986 eunt.
939 3920 983 3985 In
1001 3918 1137 4008 Anglia
1159 3920 1401 4007 apographum
1419 3921 1524 4011 loeq'ue
1538 3920 1634 4006 jurio
1655 3922 1693 3986 in
1713 3919 1938 3988 Bibliotheca
1959 3922 2089 4011 quadan

211 4035 354 4125 publica
371 4037 540 4102 custodiri
557 4038 675 4126 ajunt,
698 4037 760 4102 ced
773 4036 865 4101 nihil
881 4037 923 4102 de
940 4036 1015 4123 ejuo
1032 4036 1201 4125 qualitate
1219 4035 1339 4102 didici.
1384 4036 1464 4124 Ipee
1480 4037 1721 4125 apographum
1733 4034 1897 4123 poeniteo
1918 4064 1942 4107 a
1961 4038 2089 4131 Sigara

216 4150 409 4242 Vigfuecen
431 4155 601 4241 magiotro
621 4153 755 4219 Scholoe
775 4152 929 4219 Halanoe
951 4153 1137 4241 ecriptum,
1162 4153 1252 4241 quod
1271 4176 1351 4219 cum
1370 4151 1573 4218 membrana
1592 4151 1630 4220 A
1650 4142 1819 4221 convenit

387 4271 565 4335 Praeterea
587 4271 624 4334 ia
646 4270 846 4335 collectione
864 4269 1187 4356 Manuocriptorum
1208 4270 1320 4357 legati
1338 4269 1384 4337 A·
1399 4271 1557 4357 Magnaei
1576 4243 1749 4338 habentur
1767 4282 1935 4359 excerpta
1953 4276 2089 4361 quadan

214 4399 247 4454 et
260 4383 472 4473 fragmenta
492 4362 579 4472 legio
600 4385 761 4472 Gra'gdo,
785 4408 861 4470 quae
880 4409 947 4449 non
965 4386 1088 4483 magni
1104 4385 1215 4472 pretii
1236 4395 1333 4462 eunt,
1359 4387 1391 4451 ei
1410 4388 1584 4472 exceperis
1606 4385 1676 4453 No.
1694 4399 1757 4463 339
1776 4374 1811 4452 el
1829 4393 1893 4461 341
1914 4362 1995 4477 quae
2015 4392 2089 4459 mod

214 4503 368 4568 ordinem
384 4502 605 4588 judiciorum
630 4504 757 4565 oiotunt
782 4523 823 4565 ex
849 4483 1051 4566 membrana
1070 4500 1104 4566 B
1127 4509 1343 4578 mutuatum,
1376 4504 1434 4588 qui
1457 4501 1513 4584 hic
1536 4503 1573 4565 in
1597 4514 1746 4589 quatuor
1767 4504 1922 4570 minores
1946 4512 2089 4575 coctione

215 4620 445 4707 distinguitur
462 4614 752 4706 Pingskapalratn·,
777 4615 1045 4699 vorpingapottr,
1071 4613 1295 4699 sordagapetu·
1313 4626 1348 4682 et
1367 4614 1596 4705 lysingepattr.
1646 4615 1831 4705 Profeeeor
1850 4619 1894 4687 F.
1914 4624 2089 4713 Magnam

215 4759 343 4824 quoquc
359 4732 516 4823 possidet
532 4728 778 4819 fragmentum
799 4732 903 4819 hujue
924 4731 1029 4820 legio,
1059 4731 1148 4820 quod
1169 4733 1337 4812 continet,
1368 4756 1443 4822 quae
1466 4731 1668 4799 membrana
1688 4734 1726 4802 A
1745 4734 1968 4820 nonhabet,
1998 4744 2059 4809 ced
2077 4745 2089 4809 i

216 4851 416 4917 membrana
432 4851 466 4918 B
488 4849 662 4936 leguntur.

218 5036 2084 5069 *mm-⁸⁸⁸*—

294 5141 326 5210 *)
356 5142 450 5198 Hunc
475 5154 664 5217 conopectum
688 5143 798 5201 danice
823 5147 970 5221 ecriptum
996 5145 1094 5202 latine
1118 5146 1246 5203 reddidi.
1380 5145 1461 5203 Schl.
