4522 5850
844 332 913 351 —
978 284 1261 375 LXXXVIII
1327 330 1396 354 -

166 549 279 610 autem
312 535 524 636 magistratui
547 537 610 636 jus
642 535 846 608 tribuebatur
876 533 1031 606 curtalem
1059 560 1161 606 suum
1189 561 1208 607 e
1235 536 1328 608 euna
1353 563 1420 610 sua
1446 536 1645 621 remouendi,
1682 524 1787 611 mado
1814 538 1857 610 id
1879 564 1943 639 pra

166 687 232 756 cim
260 683 377 756 diebus
404 694 480 755 ante
497 683 622 783 sarum
651 679 777 752 remaie
804 680 921 751 currab'
945 677 1104 752 indicaret
1130 691 1162 751 et
1187 677 1305 751 deinde
1331 680 1366 753 in
1395 709 1433 755 ea
1451 683 1537 783 saro
1564 683 1791 782 manifestaret
1821 683 1883 775 (ib.
1911 713 1940 784 p

170 827 260 902 sum
287 827 488 928 magistralis
509 839 657 928 potestas
683 826 720 896 in
747 825 846 898 banis
872 836 954 897 esset
979 836 1009 896 et
1028 826 1105 924 jure
1130 822 1339 897 boereditaria
1361 826 1533 926 proximis
1559 829 1724 925 cognatis,
1762 830 1840 929 quin
1868 841 1900 901 et
1915 836 1942 931 j

167 972 346 1058 obveniret,
382 973 466 1072 leges
500 971 651 1045 statuunt
687 970 820 1072 pando
847 969 922 1042 bac
944 981 1094 1070 potestas
1115 995 1180 1068 per
1204 968 1291 1043 aiios
1317 970 1498 1044 eremmda
1525 984 1606 1045 esset
1632 974 1697 1067 ΡΙ).
1727 1000 1755 1046 c.
1779 974 1821 1046 61
1850 973 1896 1065 (Ι.
1923 1004 1942 1075 p

168 1131 346 1221 caveatque
371 1144 413 1191 ne
439 1119 568 1191 abusus
594 1117 696 1217 bajus
718 1115 892 1217 potestatis
908 1111 1009 1214 fieret
1035 1112 1225 1186 detn'mento
1251 1115 1425 1187 curialium
1451 1118 1516 1190 sire
1541 1116 1618 1189 dato
1643 1119 1707 1190 sire
1730 1119 1840 1219 eulpa.
1902 1119 1942 1194 Ta

169 1293 266 1339 mum
293 1264 472 1338 curialibus
499 1263 605 1336 mum
633 1262 865 1362 magistratum
892 1258 1033 1360 elegendi
1044 1258 1202 1360 facultas
1229 1261 1451 1360 competebat,
1480 1261 1577 1336 siah
1604 1266 1747 1337 nimium
1774 1266 1923 1337 abusum

168 1438 231 1484 sua
259 1411 295 1483 in
317 1437 466 1512 poenam
494 1410 631 1483 omnmo
654 1396 903 1510 privaretur'),
936 1405 999 1483 sed
1023 1402 1112 1476 electi
1131 1405 1375 1535 patn'manium
1402 1433 1563 1510 aqueae
1590 1409 1668 1480 alim
1686 1407 1801 1508 fiebat
1827 1411 1913 1483 adea

168 1556 258 1630 natis
279 1559 357 1657 jure
383 1556 597 1630 successionis
623 1555 800 1641 obveniret,
834 1575 1072 1656 possessorque
1098 1549 1162 1621 boe
1188 1576 1314 1624 munus
1340 1552 1376 1627 in
1403 1552 1509 1625 ab'rem
1539 1555 1650 1655 praeis
1676 1556 1768 1628 titula
1795 1557 1942 1657 tranfin

168 1715 224 1775 set.
263 1700 309 1793 (I.
333 1731 373 1803 p.
395 1698 501 1791 166).

342 1845 438 1918 Orda
459 1845 660 1944 judiciarius
684 1846 774 1919 idern
788 1848 866 1948 sere
891 1856 962 1918 erat
985 1871 1029 1917 ac
1052 1869 1167 1916 coram
1182 1842 1269 1942 saro
1296 1844 1473 1918 mriaersali
1497 1846 1555 1946 esr.
1583 1848 1650 1942 pp.
1680 1875 1707 1920 c.
1732 1844 1780 1923 37
1813 1844 1858 1936 (I.
1883 1875 1922 1946 p.

175 1987 288 2078 104),
319 1990 387 2062 nesi
412 1991 504 2092 qvod
525 2003 619 2063 testes
645 1991 699 2064 bie
725 2019 856 2093 semper
879 1991 951 2065 suis
977 1990 1137 2090 impensis
1163 2015 1352 2090 comparere
1379 1991 1580 2064 tenebantur.
1642 1991 1756 2066 Licuit
1782 2005 1897 2065 tamen
1924 1990 1942 2062 b

171 2133 246 2207 dini
259 2136 397 2237 sorensi
411 2138 640 2239 saripetarum
668 2162 830 2210 consensu
857 2137 959 2238 plrau
986 2133 1108 2208 addere
1134 2131 1238 2207 modo
1265 2161 1402 2216 eonon
1430 2138 1715 2211 carestetutionibus
1741 2139 1777 2210 in
1795 2138 1882 2238 sara
1909 2164 1942 2208 ur

171 2283 302 2383 receptis
329 2282 586 2356 adversarentur.
628 2281 709 2378 (ΡΙ).
737 2282 760 2354 Ι.
780 2309 808 2354 e.
837 2280 867 2354 I.
890 2278 1060 2383 p103).

337 2426 518 2501 Judicium
545 2425 750 2500 ordinarium
778 2427 929 2528 superius
957 2423 1137 2521 '’Albim'’
1167 2425 1291 2499 dictum
1317 2455 1407 2530 aqre
1431 2456 1475 2502 ae
1499 2441 1616 2503 catera
1631 2431 1719 2528 sara
1741 2427 1903 2501 Islandioe
1929 2457 1941 2500 r

171 2570 270 2645 naus
302 2573 538 2674 septentriones
572 2572 635 2645 sub
673 2571 729 2644 dio
765 2572 954 2645 habebatur
987 2571 1024 2642 in
1058 2571 1129 2643 laea
1160 2562 1247 2643 edito
1280 2571 1330 2663 (at
1360 2564 1654 2669 ltgbergi)*')
1686 2575 1722 2644 in
1753 2587 1859 2646 tractu
1886 2572 1941 2647 Ar

172 2714 458 2820 (Arnes-Sy'sla)
479 2743 587 2819 prope
597 2717 751 2813 fhrrium
774 2701 916 2793 (butri
941 2718 1019 2790 buia
1046 2718 1126 2790 usui
1150 2715 1227 2790 ende
1254 2746 1278 2790 a
1301 2717 1418 2820 prima
1445 2719 1547 2820 bujus
1571 2719 1744 2792 tn'buuab's
1759 2720 1941 2820 sarmatim

172 2875 274 2947 nato,·
314 2861 433 2936 Cadra
463 2875 577 2936 tamen
607 2854 746 2965 Grakts
775 2864 908 2937 innuere
938 2860 1079 2948 ur'detrer,
1109 2850 1153 2935 'ut
1177 2874 1367 2964 temmstate
1394 2876 1468 2937 arta
1495 2865 1530 2936 in
1558 2864 1706 2951 ecelesia,
1742 2892 1816 2966 pra
1842 2864 1921 2938 inde

171 2968 356 3082 sicanorum
383 3035 553 3083 sacrorum
580 3007 817 3083 introductione
843 3008 898 3080 bie
924 3020 1090 3082 eastneeta
1117 3019 1202 3094 erat,
1241 3008 1360 3082 baberi
1379 3010 1489 3112 possit
1500 2997 1581 3099 m).
1645 3008 1787 3110 Sr'gnum
1814 3009 1941 3086 babens

173 3155 231 3239 eii,
261 3153 351 3253 qvod
374 3155 461 3226 intra
488 3154 645 3227 er'reubrm
671 3153 837 3257 quaedam
863 3151 1094 3248 (Domhn'ng)
1120 3154 1291 3227 sanctitate
1312 3156 1481 3227 munitum
1494 3142 1582 3245 W)
1597 3155 1835 3254 sanoabatur,
1865 3182 1941 3257 uqa

250 3481 285 3556 *J
316 3479 432 3542 Nihilo
457 3484 559 3540 minue
575 3484 716 3559 ‘pretium
740 3479 835 3554 liujus
860 3484 999 3540 muneris
1024 3480 1184 3559 rependere
1209 3480 1393 3540 tenebantur
1416 3484 1526 3543 incola
1551 3489 1683 3543 trientis.
1741 3487 1822 3543 Haec
1853 3489 1934 3545 enirn

305 3601 370 3642 esee
395 3585 549 3642 sententia
574 3582 653 3660 tegis
678 3584 727 3641 ita
753 3584 940 3640 statuentis:
963 3581 1017 3642 Nu
1039 3579 1134 3642 verdr
1158 3575 1235 3668 papi
1259 3600 1340 3658 eser,
1367 3601 1404 3642 oe
1429 3583 1497 3663 eigo
1523 3577 1780 3672 psipiungsmenn
1803 3579 1847 3672 [aa
1870 3582 1941 3675 gop·

305 3675 400 3769 sirpe
423 3682 484 3741 ecel
509 3676 565 3769 pet
588 3691 619 3743 at
642 3680 840 3756 termam,
872 3681 916 3752 (I.
943 3682 1024 3752 166)
1031 3701 1045 3750 ;
1078 3701 1135 3760 qvo
1166 3683 1249 3741 enirn
1281 3681 1347 3740 aiio
1368 3681 1440 3757 fine
1464 3682 1532 3742 boee
1556 3687 1728 3744 restirnatia
1753 3684 1849 3761 hujus
1873 3706 1941 3766 mag

306 3781 484 3853 injudicio
508 3781 655 3840 banorum
680 3780 926 3858 occupandorum
942 3780 1061 3854 steret?

236 3911 287 3984 fl)
318 3912 447 3970 Iudicia
474 3912 627 3990 inferiora
651 3915 750 3972 etiam
774 3916 808 3970 in
834 3913 909 3972 tocie
933 3913 1027 3972 editis
1051 3911 1256 3973 habebantur.
1316 3914 1379 3974 Sed
1406 3936 1444 3976 ex
1473 3937 1532 3976 usu
1561 3917 1705 3997 loquendi
1733 3920 1940 3999 destingvebat

308 4004 499 4100 pingbrech
530 4023 560 4070 et
590 4012 731 4091 lbgbarg‚
768 4013 871 4071 altera
902 4015 986 4072 enim
1017 4031 1079 4074 aaa
1108 4013 1146 4073 de
1175 4013 1386 4076 tribunalibus
1416 4015 1616 4095 inferioribus
1622 4059 1635 4089 ‚
1669 4020 1771 4079 altera
1802 4021 1840 4079 ele
1861 4021 1940 4099 sara

307 4111 491 4191 simmieiter
514 4111 736 4190 usurpabatur.

197 4243 287 4318 ·***)
317 4240 517 4333 Idigentia-I).
542 4245 569 4306 Ι.
588 4248 681 4323 p.11
710 4265 747 4305 oe
772 4238 845 4334 [tott
868 4245 882 4305 i
905 4244 1010 4306 kirkio
1034 4264 1067 4306 so
1091 4246 1127 4308 ef
1147 4247 1223 4309 vade
1247 4268 1284 4311 er
1303 4257 1401 4312 0th
1419 4257 1481 4313 ute.
1531 4253 1603 4313 Hae
1625 4253 1746 4335 quidem
1772 4257 1832 4314 be.
1854 4277 1940 4333 praa

308 4347 391 4403 citra
418 4345 455 4404 de
481 4365 557 4403 earu
584 4344 638 4403 ubi
668 4345 718 4404 tex
745 4346 977 4422 proclamanda
999 4345 1109 4423 foret,
1143 4347 1197 4407 eud
1220 4349 1256 4408 ab
1277 4353 1456 4427 paritatem
1479 4357 1613 4412 rationis
1636 4359 1736 4413 etiam
1761 4356 1928 4416 obtimeisse

308 4446 338 4504 ei
352 4447 414 4518 jue
439 4447 520 4502 inter
537 4455 650 4523 partes
675 4444 839 4520 litigantes
864 4445 1025 4502 dicendum
1049 4455 1134 4504 esset.
1185 4449 1423 4528 Amiqniseimia
1444 4463 1550 4511 autern
1571 4450 1757 4531 temporibus
1772 4457 1899 4529 judiees
1921 4460 1940 4514 ir

307 4543 366 4604 dia
391 4563 476 4623 oeqve
502 4563 542 4602 ae
567 4546 603 4602 in
626 4542 741 4621 rettqvo
766 4545 978 4620 septemtriant'
1002 4547 1093 4602 saxia
1118 4545 1302 4606 insidebant.
1346 4550 1413 4628 Cfr.
1434 4553 1529 4630 proef.
1556 4554 1602 4611 ad
1624 4556 1874 4634 Eyrbyggia-S.
1896 4578 1929 4634 p.

202 4677 288 4751 Μ)
321 4678 441 4738 Uirtuti
464 4675 560 4750 hujus
577 4674 748 4749 judicialis
773 4678 808 4732 in
833 4673 963 4751 Grdgds
988 4695 1049 4734 nan
1073 4680 1138 4735 nisi
1161 4698 1222 4737 una
1247 4679 1312 4738 loeo
1327 4681 1374 4755 stt
1400 4688 1513 4743 mentia
1538 4706 1644 4764 nempe
1676 4681 1737 4775 pp.
1769 4710 1795 4745 a.
1820 4691 1862 4746 28
1895 4691 1938 4762 (I.

308 4781 431 4837 ratione
447 4776 571 4850 judieii
595 4770 744 4855 quinarii.
801 4774 867 4834 Vix
891 4787 998 4833 tamen
1022 4773 1227 4836 dubitandum
1251 4782 1325 4857 quin
1349 4793 1379 4838 et
1403 4785 1438 4839 in
1462 4789 1581 4843 eoeteris
1606 4787 1816 4846 tribunalibus
1832 4790 1940 4848 lalana

311 4897 377 4936 mas
392 4888 534 4936 serratus
540 4874 663 4954 suerit,
685 4877 881 4954 potissimum
896 4891 966 4932 autre
981 4875 1079 4932 etiarn
1095 4876 1129 4931 in
1142 4877 1306 4954 Norvegia
1322 4879 1507 4953 obtinuerit,
1533 4896 1568 4941 ut
1584 4886 1725 4962 ligiis-S.
1744 4907 1770 4943 e.
1787 4889 1829 4946 57
1845 4909 1878 4967 p.
1895 4888 1935 4946 34

310 4974 356 5033 ed.
370 4974 474 5051 Hasn.
489 4976 575 5034 docet
589 4995 644 5034 nee
659 4995 720 5034 nan
737 4977 814 5051 ipeoe
829 4975 910 5051 leges
926 4974 1113 5048 Narvegieoe
1128 4986 1255 5034 vetusta
1269 4978 1327 5056 cfr.
1345 4979 1442 5055 legem
1459 4984 1654 5044 Fraetensem
1668 4989 1812 5045 Haeonis
1829 4989 1940 5047 Haean

309 5073 415 5150 (apud
434 5076 594 5137 Paestum
616 5074 663 5139 Il·
684 5069 869 5154 p.1t.15)
892 5072 946 5132 ubi
966 5070 1169 5147 signficatur
1191 5073 1249 5132 boe
1271 5097 1334 5135 esee
1354 5077 1427 5150 ''jue
1446 5085 1618 5141 vetustum
1643 5084 1723 5163 qvod
1737 5086 1883 5162 proefeeti
1902 5110 1939 5165 pr

311 5190 382 5230 rum
407 5172 504 5230 tatem
528 5174 680 5233 circutran
694 5175 855 5251 sorensem
881 5166 1033 5250 (vebtnd)
1058 5172 1094 5229 in
1118 5171 1183 5230 ioca
1204 5172 1282 5252 sora
1307 5176 1463 5237 destinato
1481 5181 1627 5259 formare
1652 5185 1799 5241 deberent.
1861 5186 1939 5245 Iden
