4522 5850
839 376 908 397 -
972 326 1152 416 XXVII
1217 370 1288 392 -·

138 572 237 659 isser,
272 603 342 648 non
368 604 441 649 uero
468 578 562 678 longe
584 579 740 679 posthac
765 589 797 649 et
822 576 952 676 quidem
982 603 1023 648 eo
1050 573 1188 660 Seculo,
1224 599 1287 675 qvo
1316 573 1374 646 lea
1400 572 1588 672 Nomegica
1618 563 1756 672 Gra'gde
1777 573 1858 672 jam
1884 569 2018 671 pridan

160 716 335 819 Narveg't'a
363 750 428 795 uere
455 725 644 796 exoleoirset
655 711 699 813 ').
756 721 828 795 Hie
851 735 964 794 udan
986 748 1076 794 error
1095 721 1201 792 ahian
1222 720 1313 803 aelel,
1342 719 1438 819 qeoci
1461 715 1580 792 Codex
1600 715 1788 790 [clondicus
1813 711 1951 816 Greigde
1964 739 2016 791 'en

138 858 287 960 &regico
314 867 462 964 ejusdem
493 870 640 940 nomr'ru‘s
669 869 854 967 eascn‘ptus
874 866 1018 970 suiset,
1060 867 1156 964 aque
1183 866 1299 938 arara
1324 878 1476 938 autorem
1502 865 1615 964 ipsum
1643 860 1889 936 Thermodum
1915 864 2015 937 Tor-

138 1008 343 1107 fflmsue'sse
377 1003 552 1102 doleo*').
619 1010 773 1085 Abunde
805 1025 921 1085 calare
954 1012 1118 1112 rq‘utalur
1149 1010 1224 1085 hoec
1257 1013 1395 1084 asserio
1430 1010 1620 1082 manatione
1654 1021 1686 1081 ct
1712 1007 1796 1087 Arii
1825 1022 1858 1081 et
1889 1010 2017 1083 auwnk

187 1286 215 1359 *J
244 1289 346 1349 Codex
372 1294 566 1369 Noroegicue
592 1295 720 1372 Grdgde
746 1294 850 1353 adhuc
875 1305 1027 1371 regnante
1051 1295 1183 1352 Hamae
1207 1293 1372 1352 Haconide
1397 1295 1433 1351 in
1457 1312 1516 1351 ueu
1534 1292 1610 1369 suit
1634 1304 1709 1350 teate
1733 1311 1835 1351 cooevo
1860 1292 2015 1351 Snorrone

236 1389 270 1445 in
287 1391 443 1467 Magnete.
463 1393 553 1452 Goda
574 1394 605 1451 S.
632 1415 658 1452 e.
678 1397 718 1452 17
745 1396 791 1455 II.
810 1415 845 1472 p.
866 1395 906 1453 23
934 1392 978 1451 ecl.
1005 1393 1212 1471 Hafniemie:
1236 1391 1320 1453 aidan
1345 1394 1387 1453 let
1411 1390 1537 1469 Magnis
1562 1392 1709 1469 Konungr
1732 1390 1791 1449 rite
1814 1390 1940 1468 logbtk,
1966 1384 2015 1479 Pe

163 1530 168 1535 .
238 1505 278 1546 er
303 1509 375 1548 enn
401 1511 443 1550 er
467 1491 479 1548 i
505 1481 766 1574 prindheimi
792 1514 834 1552 oc
860 1492 989 1551 kollut
1014 1512 1055 1550 er
1079 1492 1233 1570 Grdgie
1284 1490 1410 1569 Megm'n
1427 1490 1576 1568 Konfingr
1600 1490 1703 1568 gerdiz
1728 1487 1811 1554 sidau
1834 1490 1951 1550 vineaell
1975 1510 2013 1550 oc

236 1586 342 1649 taen
365 1590 428 1651 6110
448 1592 626 1666 lendefdlki5
650 1611 705 1653 ver
727 1592 808 1652 henn
830 1591 894 1671 syn*
915 1586 972 1679 pat
990 1591 1107 1651 kalladr
1128 1590 1253 1669 Magna
1270 1592 1324 1651 inn
1344 1591 1432 1653 Gadi.
1458 1596 1495 1664 (c'
1506 1613 1531 1655 r.
1549 1590 1671 1651 Sverrie
1685 1590 1717 1649 8.
1743 1609 1769 1647 c.
1787 1592 1850 1648 117
1869 1611 1904 1668 p.
1923 1592 2013 1662 203).
2137 1633 2140 1642 .

239 1684 300 1744 Sed
317 1691 418 1765 paulo
439 1703 511 1768 poet
536 1694 629 1769 qeaei
652 1692 807 1769 disparuit
832 1711 886 1748 neo
911 1691 1046 1768 ampliue
1071 1695 1198 1748 eeoreim
1223 1702 1334 1748 exstat.
1386 1691 1558 1748 Secundum
1582 1691 1609 1748 b.
1631 1691 1721 1748 Erici
1745 1689 1917 1766 (Hoherge
1940 1689 2015 1751 Stat

236 1785 306 1843 edit.
327 1776 380 1843 35⁶
399 1811 433 1866 p.
457 1787 537 1860 486)
566 1791 758 1869 aliorumque
783 1789 964 1868 hypothesin
989 1789 1041 1847 hic
1068 1789 1169 1847 Codex
1194 1789 1244 1847 nil
1268 1790 1361 1847 aliud
1372 1790 1493 1868 fuieeet
1519 1811 1610 1869 qe'am
1636 1790 1714 1866 legie
1732 1789 1877 1847 Guleneie
1896 1809 1919 1848 a
1936 1789 2014 1848 Ha-

237 1904 309 1944 cone
333 1888 509 1947 Adeletenii
532 1891 610 1948 lata
629 1894 706 1961 jam
731 1890 772 1949 ab
796 1890 878 1949 Olao
899 1889 1015 1947 Sancto
1038 1892 1147 1948 revieoe
1169 1909 1252 1948 nova
1273 1892 1404 1959 recisio,
1429 1890 1509 1947 unde
1530 1890 1652 1966 colligit
1672 1887 1757 1947 hanc
1777 1888 1838 1947 illa
1856 1888 1922 1965 lege
1945 1888 2015 1951 Gu-

236 1984 330 2055 lerui,
355 2009 423 2066 qvoe
443 1987 533 2047 hodie
555 1989 610 2047 eulr
631 1992 753 2048 nomine
771 1992 916 2053 Haconie
934 1989 1109 2047 Adeletenii
1129 1989 1363 2067 circumfertur,
1389 1991 1548 2048 contineri.
1599 1988 1661 2047 Sed
1679 2008 1859 2069 quanquam
1877 2007 1939 2045 non
1958 2009 2013 2046 ne-

234 2088 380 2162 gaverim
406 2090 488 2145 inter
513 2101 684 2164 augmenta
710 2088 805 2162 hujue
831 2090 910 2166 legii
934 2088 989 2146 eub
1014 2092 1136 2146 nomine
1159 2088 1279 2166 Magni,
1304 2108 1367 2145 non
1387 2109 1496 2165 pauca
1520 2108 1582 2147 eece
1603 2110 1671 2167 qcoe
1690 2088 1775 2167 Regi
1794 2088 1905 2166 Magno
1926 2088 2013 2148 Bono

237 2183 420 2254 debeantur,
447 2190 597 2246 nonnulla
622 2200 725 2246 autem
749 2188 809 2246 alii
827 2189 913 2264 Regi
933 2187 1069 2262 quedem
1091 2190 1227 2247 mneinie
1248 2191 1429 2264 cognomine
1448 2187 1565 2248 Berfod
1586 2187 1785 2265 (nudipede),
1810 2173 2017 2247 nihilomimee

236 2286 381 2343 contendo
406 2284 491 2344 hanc
516 2289 613 2365 legem
639 2289 766 2364 Gra'gde
800 2289 841 2346 ab
874 2288 935 2346 itta
962 2288 1091 2345 Gulenei
1123 2290 1246 2345 omnino
1267 2287 1375 2365 suieee
1405 2287 1596 2347 dietinctam.
1655 2290 1708 2346 Ex
1733 2290 1907 2346 teetimonio
1931 2291 2013 2347 enirn

237 2380 379 2442 historiae
412 2387 549 2446 Svcrreri
582 2408 677 2465 nuper
709 2387 841 2446 laudato
876 2399 1027 2464 apparet,
1059 2385 1141 2443 hune
1172 2387 1289 2463 Regem
1319 2389 1354 2444 in
1384 2387 1439 2444 lite
1470 2407 1540 2443 cum
1569 2385 1808 2466 Archiepiecopo
1842 2387 1889 2445 ad
1916 2387 2013 2464 legem

238 2481 366 2560 Grdgde
392 2505 413 2542 a
440 2487 527 2562 Rege
550 2487 662 2564 Magno
693 2484 947 2545 Thrandeneibue
972 2487 1075 2544 latam
1099 2506 1182 2564 aeque
1208 2507 1247 2544 ae
1274 2484 1320 2544 ad
1341 2486 1438 2562 legem
1464 2487 1627 2545 Guleneem
1652 2507 1675 2545 a
1699 2486 1787 2563 Rege
1810 2487 1888 2547 Oleo
1912 2487 2014 2565 refor-

237 2594 356 2641 matam
388 2605 594 2661 prouocaeee:
631 2589 662 2649 ”I
695 2580 799 2674 penna
831 2586 905 2645 time
941 2586 1053 2664 gerduz
1089 2605 1206 2665 margar
1242 2585 1355 2665 groinir
1391 2586 1468 2647 milli
1503 2579 1610 2674 peiere
1645 2588 1764 2647 Sverrie
1797 2584 1940 2665 Konhnge
1974 2608 2012 2660 oa

237 2682 472 2763 OErkebiskope,
508 2684 594 2743 skaut
626 2683 727 2763 josuem
752 2689 899 2763 Konungr
928 2686 993 2744 eino
1026 2686 1097 2745 mili
1131 2686 1166 2745 til
1198 2686 1384 2762 lende-loga
1418 2679 1523 2771 peiere
1556 2706 1590 2746 er
1620 2694 1678 2745 ectt
1707 2685 1792 2746 hafdi
1823 2685 1898 2746 hinn
1928 2684 2012 2765 helgi

236 2781 339 2841 ’Olafr
373 2782 521 2861 Konhngr
554 2805 591 2844 oc
625 2785 661 2845 til
694 2785 840 2863 lflgbhkar
874 2779 1016 2871 prande,
1054 2779 1177 2871 peirror
1211 2804 1263 2844 er·
1277 2785 1376 2844 kollnt
1408 2805 1464 2844 var
1497 2785 1628 2863 Grigie,
1662 2786 1704 2846 ok
1739 2787 1798 2845 n'te
1828 2784 1914 2847 hetti
1945 2786 2012 2846 lte‘t

238 2881 376 2958 ”Magnae
400 2886 547 2962 Konuagr
578 2883 651 2945 hina
675 2885 756 2946 Gadi
786 2906 841 2944 eon
873 2885 959 2945 Olife
993 2887 1168 2962 Konunge,”
1202 2885 1309 2942 deinde
1340 2884 1439 2943 uerbis
1471 2885 1655 2975 Snoqronie,
1690 2886 1821 2945 dicentii
1851 2885 1933 2945 hanc
1965 2886 2011 2943 Ie-

234 2997 301 3055 gem
328 2981 458 3058 Grdgdc
483 3004 536 3039 eoo
562 2988 732 3042 etiamnum
757 3005 824 3042 aet’o
849 3003 965 3042 summo
999 3003 1020 3040 a
1051 2983 1304 3040 Thrandeneihue
1335 2981 1448 3039 honore
1470 2984 1577 3060 sitisse
1608 2983 1777 3054 habitam,
1811 2984 1891 3045 idem
1922 2996 2011 3042 extra

239 3098 322 3137 omne
355 3081 483 3139 dubium
511 3087 650 3159 ponitur.
711 3086 825 3144 Potiue
857 3082 1057 3151 crediderim,
1090 3081 1174 3139 hanc
1199 3082 1317 3160 Magni
1342 3083 1426 3141 Boni
1457 3083 1555 3158 legem
1587 3086 1619 3141 in
1650 3082 1792 3143 Codicem
1816 3085 2011 3142 Froeteneem

236 3180 379 3239 Haconr'e
404 3182 579 3240 Haconidie
609 3187 784 3260 migrame,
820 3203 882 3240 non
906 3184 1004 3240 tolum
1028 3202 1098 3238 cum
1121 3181 1190 3240 hcec
1222 3183 1270 3240 lex
1301 3172 1552 3241 Thrandeneihue
1579 3186 1719 3261 proxime
1742 3184 2010 3263 promulgaretur,
2122 3184 2127 3192 '

236 3300 315 3359 aque
341 3300 381 3338 ac
409 3282 557 3360 Grcigde,
590 3283 644 3342 eed
665 3276 696 3341 et
722 3287 797 3361 qeia
822 3301 950 3340 eummoe
974 3285 1173 3359 antiquitatis
1198 3286 1333 3358 uestigia
1351 3303 1424 3359 prae
1448 3303 1480 3339 ee
1493 3282 1607 3360 serat,
1640 3283 1716 3342 adeo
1742 3296 1777 3342 ut
1802 3295 1900 3345 totum
1924 3279 2011 3340 ieeu-

237 3377 296 3436 lum
311 3383 395 3439 inter
415 3381 507 3440 illam
523 3392 552 3438 et
569 3384 711 3441 Codicem
717 3382 790 3456 filii
807 3383 949 3441 Haconie
966 3382 1087 3458 Magni
1104 3381 1297 3458 Lagalroeter
1314 3383 1518 3439 interceeeieee
1533 3381 1693 3454 uideatur,
1718 3404 1844 3463 cumque
1861 3386 1892 3460 ip
1898 3402 1925 3439 ee
1939 3366 2010 3441 Rex

236 3479 325 3537 Haeo
351 3483 387 3537 in
412 3481 530 3549 edicto,
557 3502 614 3559 quo
639 3484 689 3541 lex
707 3484 884 3542 Froeteneie
904 3481 1184 3558 promulgabatur,
1210 3481 1320 3538 diserte
1339 3480 1514 3557 significet,
1539 3480 1623 3538 hanc
1649 3483 1745 3558 legem
1770 3504 1832 3540 eece
1855 3493 2010 3541 eetuetam

236 3597 326 3658 neque
350 3600 372 3635 a
397 3600 428 3637 ee
448 3580 627 3658 profectam
632 3622 645 3650 ,
676 3581 732 3640 eed
760 3581 854 3639 simul
878 3581 978 3657 plura
1009 3580 1111 3639 eodem
1136 3581 1233 3639 edicto
1258 3592 1382 3638 etatuat
1390 3622 1402 3650 ,
1435 3602 1503 3660 quar
1528 3601 1550 3638 a
1575 3581 1655 3657 legit
1679 3583 1878 3659 praecriotie
1901 3580 2009 3657 pluri-

193 3739 195 3744 ,
235 3696 314 3736 mum
331 3677 494 3739 diecedant
518 3679 592 3756 (cfr.
614 3680 672 3741 hoc
690 3682 823 3740 edictum
842 3682 877 3737 in
896 3680 1079 3739 Collectione
1098 3680 1200 3756 legum
1218 3679 1330 3737 danice
1346 3701 1369 3740 a
1381 3682 1511 3744 Paruia
1530 3679 1764 3737 translatarum
1788 3680 1833 3739 Il.
1853 3699 1887 3755 p.
1907 3676 2009 3760 3-12).

235 3776 303 3836 Huc
325 3779 445 3838 accedit
452 3820 465 3848 ,
490 3780 572 3859 qvod
592 3791 702 3838 auctor
723 3784 798 3840 uitoe
818 3781 962 3837 Ilaeonie
981 3779 1158 3851 Haeonidie
1177 3798 1240 3835 non
1260 3777 1334 3835 huia
1355 3780 1440 3856 Regi
1461 3779 1559 3854 legem
1580 3779 1774 3836 Froeteneem
1796 3779 1931 3848 tribuat,
1956 3778 2011 3836 ced

235 3878 318 3936 modo
345 3878 446 3937 edicta
468 3880 747 3960 emendationesque
769 3881 923 3959 quaedam
945 3879 1041 3955 legia,
1066 3899 1133 3957 qvae
1155 3877 1248 3936 verba
1270 3897 1339 3935 erun
1358 3879 1455 3936 edicto
1477 3879 1541 3956 tegi
1562 3877 1724 3941 Froetenei
1738 3880 1906 3956 proepoeito
1928 3881 2009 3937 eatie

234 3972 302 4036 hene
323 3982 509 4037 conveniunt
533 3978 607 4055 (cfr.
628 3978 797 4038 historiam
813 3980 959 4037 Haconie
974 3976 1152 4035 Haconidie
1176 3997 1202 4033 c.
1221 3979 1283 4034 333
1307 3997 1339 4055 p.
1356 3979 1413 4035 381
1420 4018 1433 4046 ,
1458 3976 1593 4054 Ilusnioe
1611 3978 1696 4035 1818
1713 3978 1777 4055 sol.
1826 3978 1879 4039 Ibi
1898 3991 1928 4036 et
1948 3978 2007 4036 ad-

236 4075 319 4134 ditur
343 4075 404 4134 hae
430 4080 527 4154 Regu
552 4079 778 4138 emendationes
793 4082 873 4151 jam
897 4098 963 4135 avo
988 4079 1150 4152 ccriptorie
1174 4078 1310 4135 ’'noeam
1333 4077 1452 4155 tegent’
1472 4078 1578 4157 suiem
1602 4089 1732 4136 uocatae
1757 4074 1863 4159 (filma
1887 4078 1928 4137 let
1953 4073 2008 4168 pat

238 4175 307 4235 utin
331 4177 344 4235 i
369 4176 480 4236 bokina
502 4196 567 4246 eam
591 4176 633 4236 nie
656 4198 718 4251 cro,
735 4177 834 4237 kouut
856 4175 912 4236 hin
935 4175 1031 4255 nyio
1055 4172 1160 4256 loq),

182 4302 217 4374 “l
245 4310 323 4370 Vide
347 4309 407 4369 Th.
432 4310 548 4370 Torfaei
573 4310 741 4393 hietoriam
766 4312 936 4386 Noruegioe
966 4311 1006 4367 P.
1029 4308 1093 4367 ΙΙΙ.
1124 4308 1176 4367 lib.
1198 4306 1218 4365 4
1245 4331 1279 4386 p.
1303 4304 1366 4368 3'29
1393 4308 1448 4367 uhi
1470 4309 1507 4366 de
1531 4309 1619 4384 Rege
1642 4309 1753 4386 Magno
1777 4313 1863 4370 Bono
1887 4332 2007 4371 narra-

235 4421 299 4467 tur:
329 4399 391 4467 ”In
412 4411 633 4484 Longaeunda
658 4410 739 4486 legee
764 4409 913 4489 quaedam
939 4407 979 4466 ab
1007 4404 1194 4477 antecessore
1219 4408 1356 4465 Seenone
1379 4409 1472 4466 latae
1492 4410 1542 4466 eet
1566 4409 1741 4484 abrogauit·
1759 4410 1809 4468 uel
1831 4414 2007 4488 mitigavit,

157 4568 160 4573 ,
236 4510 330 4568 ”teete'
352 4509 463 4567 Codice
487 4510 609 4585 legum,-
641 4513 695 4586 qui
717 4492 909 4567 ''larneidd'
935 4507 1123 4565 inecrilritur.
1182 4508 1489 4585 Sapientieeimorum
1517 4520 1633 4587 quoque
1662 4510 1791 4568 canidio
1820 4510 1903 4586 leges
1933 4531 2008 4569 con-

237 4609 377 4686 ''ecript‘oe
400 4610 489 4685 inqee
515 4608 657 4667 Codicem
683 4609 810 4676 relatoe,
844 4612 896 4686 qvi
921 4607 1089 4684 Scriptorie
1121 4604 1217 4682 hrq'ue
1248 4619 1380 4684 tempere
1410 4619 1440 4666 et
1470 4607 1561 4684 longe
1580 4618 1653 4684 poet
1676 4611 1712 4665 in
1742 4607 1907 4666 Tlirandia
1933 4630 2008 4668 con-

237 4706 438 4767 ”eeruehatur
463 4709 554 4765 titulo
580 4709 726 4784 Grdgde,
759 4707 795 4764 id
816 4718 880 4776 eet,
911 4709 1048 4764 cinereus
1074 4726 1184 4787 ancer-5
1215 4726 1297 4765 nune
1324 4727 1368 4764 an
1392 4708 1483 4765 ullibi
1506 4719 1603 4764 exstet
1625 4706 1750 4764 drehito:
1782 4726 1858 4766 nam
1881 4709 1955 4767 licet
1980 4715 2008 4771 ie

236 4807 305 4887 ”qui
328 4818 488 4884 excerptae
513 4808 584 4865 inde
606 4806 808 4866 litandorum
833 4807 914 4884 legee
938 4809 1092 4874 continet,
1122 4827 1208 4883 qvae,
1237 4808 1312 4864 dum
1335 4806 1552 4865 Aristocratia
1577 4806 1624 4863 ibi
1647 4808 1770 4882 uiguit,
1796 4809 1832 4863 in
1856 4826 1913 4866 neu
1927 4808 2008 4886 sue-

236 4907 343 4975 '’mnt,
370 4906 425 4964 eulr
450 4927 484 4963 eo
509 4909 631 4975 nomine
655 4909 807 4983 eupereit,
832 4926 854 4963 a
877 4926 926 4964 me
950 4904 1105 4983 qvondam
1126 4916 1277 4983 utcunque
1298 4910 1333 4964 in
1355 4909 1520 4964 Donieam
1538 4906 1682 4980 linguam
1703 4906 1898 4978 tranelatue,
1923 4930 2008 4967 com-

237 5007 398 5083 '’pende'um
418 5016 524 5063 tamen
542 5009 617 5065 eet.''
651 5006 717 5083 Csr.
743 5007 783 5064 P.
800 5006 859 5066 IV
878 5005 967 5064 lilnfi
993 5008 1055 5062 ee
1078 5024 1110 5082 p.
1130 5007 1193 5064 353
1219 5004 1274 5062 ubi
1297 5005 1334 5062 de
1360 5005 1470 5062 Codice
1493 5002 1672 5073 letandtco,
1704 5007 1757 5082 qui
1780 5007 1909 5064 Haconi
1933 5011 2010 5069 Ha·

240 5113 316 5166 conte
331 5105 412 5179 filio
436 5105 576 5175 debetur,
609 5108 732 5184 loquens
758 5104 838 5162 idem
867 5104 1011 5182 Torfoeue
1036 5104 1144 5163 addit:
1178 5106 1267 5162 ''Hie-
1289 5108 1346 5174 (ee.
1372 5102 1536 5175 lelandi«)
1559 5103 1737 5162 ueneritne
1763 5089 1935 5164 mutatione
1965 5111 2009 5167 Ie-

238 5204 327 5281 ''gam
349 5202 547 5265 lelandorurn
561 5205 662 5283 facta
685 5204 861 5280 abrogatur
885 5193 987 5263 Codex
1009 5205 1070 5263 LL
1096 5207 1243 5284 antiquae
1260 5201 1388 5280 Grtgte
1412 5202 1518 5265 dictur
1524 5200 1542 5276 ,'
1562 5204 1747 5281 compilatae
1770 5227 1809 5271 ee
1834 5208 2010 5284 Noruegico

1666 5344 1783 5431 ‘d2
