4522 5850
843 339 1254 433 *CXLI-

261 588 305 663 Si
328 589 445 663 deiide
472 591 757 692 comparutionem
784 593 868 665 mter
892 590 956 665 lcoc
974 593 1037 691 jus
1064 590 1270 665 Islondicum
1297 604 1330 666 et
1354 591 1577 694 Nomegicton
1605 596 1874 682 uetustissimum,
1910 600 2001 699 qvod

150 756 162 805 t
180 728 324 806 Gulcnsi
335 734 494 809 Hocorn's
511 736 700 809 Adelstenii
713 736 847 809 alumni
860 738 1047 822 conticetur,
1069 748 1151 809 reete
1166 738 1389 824 metamus,
1412 739 1554 811 multum
1573 742 1676 829 obest,
1700 741 1792 842 qnod
1804 743 1880 814 tulis
1896 744 1998 843 insrgr-

169 876 350 953 similitudo
371 882 454 953 inter
472 894 648 982 tetrumque
672 878 828 955 Codicem
850 881 956 969 udsit,
986 910 1060 984 qroe
1080 910 1157 955 eom
1176 884 1370 955 serctentium
1387 911 1452 956 nos
1467 886 1624 985 amplecti
1630 887 1754 984 jubeat
1769 914 1812 959 uc
1828 888 1861 960 si
1878 884 1997 961 Codex

150 1014 233 1123 tiga's
258 1026 440 1125 peregriner
470 1028 603 1126 ungrirus
633 1038 733 1115 esset,
769 1038 809 1101 ut
833 1028 949 1129 potius
974 1028 1049 1103 trec
1075 1030 1152 1129 ipso
1180 1027 1308 1099 collatio
1336 1028 1534 1101 demonstret
1558 1031 1659 1129 legem
1686 1028 1893 1104 Islondreom
1912 1034 1996 1133 jura

150 1165 239 1241 indu
259 1170 402 1270 proprio
425 1198 526 1273 pune
553 1173 677 1274 ubique
703 1172 947 1245 constituentem
975 1187 1008 1247 et
1028 1174 1204 1275 proprium
1231 1174 1370 1246 colorem
1392 1203 1457 1276 per
1481 1187 1587 1247 totum
1614 1177 1686 1274 ojus
1712 1186 1900 1249 contectum
1926 1204 1995 1250 ser·

150 1324 221 1385 niem
247 1342 294 1387 ec
319 1315 447 1414 iugenio
475 1330 506 1390 et
531 1283 685 1390 iestrlutrls
710 1316 813 1419 liujus
834 1318 959 1418 populi
982 1319 1206 1419 singularibus
1219 1319 1334 1418 fuisse
1356 1318 1507 1393 'cnutum

254 1457 417 1533 Primum
442 1462 630 1536 uccurutius
654 1462 721 1536 bos
751 1460 891 1536 Codices
916 1462 1139 1565 iispicientem
1165 1490 1235 1536 nou
1261 1464 1393 1567 fingect
1413 1468 1501 1539 miro
1523 1466 1582 1538 tta
1604 1464 1787 1552 diversitos,
1817 1466 1909 1567 qvod
1923 1493 1993 1540 non

150 1600 200 1676 lem
223 1604 282 1678 illu
308 1606 424 1693 sectio,
455 1598 536 1708 'qeoe
562 1604 932 1681 Landvarnar-Bblkr
958 1610 1160 1697 inscribitur,
1193 1610 1236 1683 de
1260 1610 1468 1713 expeditione
1495 1612 1611 1684 navali
1634 1624 1665 1683 et
1689 1614 1782 1710 regni
1807 1611 1994 1709 defensione

150 1748 203 1823 elis
231 1776 353 1851 agens,
390 1752 521 1825 omisso
552 1755 612 1840 sit,
631 1752 692 1825 'id
717 1752 811 1856 qvod
832 1753 910 1826 inde
935 1754 1100 1855 explicari
1118 1769 1229 1857 potest
1255 1758 1345 1858 qood
1366 1757 1522 1829 Islundin
1549 1783 1720 1857 nrcnqcum
1748 1758 1832 1831 bello
1859 1770 1991 1829 esterno

150 1890 247 1989 plebelo
281 1922 352 1967 nun
386 1897 492 1970 simili
518 1896 727 1971 ordinatione
756 1898 873 1971 bellico
899 1926 942 1971 uc
968 1897 1138 1998 Norvrgio
1164 1899 1354 2000 indiguen't,
1390 1900 1595 1990 sedetiam,
1632 1902 1723 2002 qood
1746 1929 1828 1975 sune
1856 1903 1989 1987 ncrmris,

163 2038 249 2113 verbo
277 2040 408 2143 quidun
427 2044 490 2141 jus
516 2056 670 2115 retractus
691 2044 843 2145 gentilitii
866 2042 949 2116 odo
957 2044 1034 2117 lici
1045 2032 1079 2132 *)
1106 2046 1241 2118 nomine
1266 2047 1459 2145 insipn'tum
1485 2049 1607 2146 longit,
1637 2075 1826 2149 qvoreqeum
1853 2047 1918 2119 lroc
1935 2048 1991 2119 in-

150 2194 235 2257 neon
261 2188 384 2287 priscis
410 2186 573 2287 Norvrgis
599 2201 703 2262 tuntoe
730 2216 820 2262 curce
846 2188 1001 2290 cordique
1022 2190 1149 2289 suerit,
1186 2204 1225 2263 ut
1250 2218 1327 2263 eum
1354 2194 1427 2292 ejus
1453 2192 1667 2292 abrogatione
1693 2192 1872 2265 Humidus
1897 2191 1991 2265 Put-

150 2330 252 2405 iromu
286 2334 494 2434 triumpbum
530 2362 630 2407 suum
665 2336 813 2408 universo
843 2334 972 2437 populo
999 2332 1216 2410 dun'ssimum
1242 2336 1451 2423 reddidisset,
1490 2337 1592 2412 Haeo
1621 2365 1660 2410 eo
1682 2338 1897 2438 potissimum
1923 2336 1993 2409 sebi

150 2502 335 2550 sumerem
362 2480 560 2565 conciliarit,
598 2479 691 2581 qvod
713 2478 778 2552 boc
795 2481 859 2579 jus
883 2480 1008 2552 uectum
1036 2480 1098 2553 sub
1127 2482 1210 2582 ipsis
1236 2483 1368 2583 imperii
1391 2484 1448 2555 sui
1473 2486 1631 2584 auspiciis
1657 2482 1766 2555 denuo
1793 2452 1987 2569 restituisset,

150 2645 236 2722 mque
249 2626 313 2722 jus
332 2623 489 2724 plurimis
512 2626 647 2697 sancitis
671 2621 791 2696 Codiei
812 2652 936 2697 nomen
961 2628 1031 2725 ejus
1042 2625 1172 2724 serenti
1192 2627 1320 2701 insertis
1346 2629 1477 2701 sollicite
1503 2627 1733 2728 confirmasset
1759 2627 1832 2726 (csr.
1858 2628 1881 2701 l.
1905 2622 1985 2699 Gul.

150 2764 188 2835 nd
206 2766 378 2841 Pousium
406 2769 436 2843 I.
467 2767 704 2863 206-297),
736 2797 801 2870 qva
829 2797 863 2842 re
889 2770 974 2843 moti
997 2798 1198 2843 successores
1224 2774 1316 2869 regni
1335 2774 1501 2870 graviores
1526 2774 1657 2845 ebusus
1682 2773 1755 2846 licei
1780 2774 1988 2872 reprimentes

150 2934 198 2985 ten
222 2916 286 3014 jus
319 2916 418 3016 longo
453 2916 637 2989 seculorum
671 2943 769 2988 cursu
805 2916 920 2987 ineolis
954 2916 1064 2987 corius
1098 2914 1261 2987 redditum
1289 2917 1451 3015 obrogare
1476 2944 1546 2989 non
1573 2917 1653 2988 uusi
1675 2927 1754 2988 sunt
1759 2942 1773 3001 ,·
1807 2917 1843 2986 in
1870 2914 1986 2987 Iston-

150 3080 182 3127 m
213 3072 325 3133 cunm
360 3074 433 3133 tum
468 3060 604 3133 demum
639 3088 711 3131 uno
746 3024 823 3133 eum
858 3060 934 3133 aliis
967 3060 1121 3131 r'rsstr’tute‘s
1143 3060 1321 3159 peregrinis
1346 3074 1509 3161 receptum
1524 3061 1602 3160 suit
1619 3062 1682 3162 jus
1709 3058 1879 3133 odolicum
1905 3084 1984 3131 cum

150 3197 202 3276 les
228 3202 391 3279 Jriusbcilc
419 3203 566 3278 lslundis
583 3207 664 3305 jum
691 3204 796 3305 Regis
823 3204 1000 3303 Norergicc
1027 3205 1163 3304 imperio
1192 3206 1345 3304 subjectis
1370 3206 1602 3279 obtmderctur.

251 3348 423 3449 Qeuntum
460 3351 562 3424 distet
585 3354 649 3451 jus
680 3350 848 3423 cn'rnirrule
875 3348 1082 3422 Ishndicum
1111 3347 1300 3445 (Vigslodi)
1326 3378 1351 3424 u
1377 3349 1562 3450 Nomegico
1590 3343 1980 3446 (Mannhelgi-Bblltr),

155 3493 302 3593 qeoedum
337 3497 469 3568 sancitu
504 3496 620 3597 quood
651 3496 793 3570 mulctas
821 3494 997 3569 homicidii
1019 3521 1199 3595 eurumque
1226 3495 1419 3569 dcbr’sionem
1446 3496 1689 3596 normubnsque
1715 3496 1886 3568 certorum
1900 3494 1984 3593 sor·

150 3634 193 3713 bs
226 3640 283 3714 bis
316 3642 353 3713 in
387 3642 499 3715 causes
531 3643 713 3744 exceperis,
750 3670 810 3715 nec
836 3668 907 3714 non
933 3640 1021 3725 ulr'rr,
1059 3664 1132 3740 qnoe
1154 3641 1268 3741 potius
1295 3667 1339 3713 cx
1364 3641 1517 3712 moribus
1543 3641 1701 3713 omnibus
1722 3640 1875 3740 gentibus
1901 3665 1982 3738 sep·

150 3786 337 3861 muethus
363 3788 599 3859 communibus
626 3814 726 3887 qvam
754 3785 986 3885 Norncgorum
1009 3786 1156 3886 propriis
1182 3784 1405 3859 descurduutl
1457 3782 1679 3884 Corfirontur
1703 3787 1785 3858 inter
1810 3785 1879 3858 ulio
1907 3810 1982 3889 qeoe

150 3940 279 4033 droqtae
306 3928 428 4005 Codice
455 3931 496 4005 de
522 3932 654 4032 irjudis
680 3932 866 4005 verbalibus
891 3957 951 4003 nec
980 3958 1050 4002 non
1083 3928 1126 4001 de
1145 3932 1247 4031 sueto
1280 3942 1486 4015 statuuntur:
1517 3931 1686 4031 principio
1705 3928 1795 4028 juris
1821 3927 1984 4001 Islendiei

154 4072 202 4149 bic
235 4102 306 4150 nors
338 4076 449 4149 solnm
484 4104 509 4148 u
542 4075 728 4175 Nomegico
762 4074 841 4161 sed,
879 4088 1039 4175 qeuntum
1075 4076 1162 4162 scio,
1200 4074 1300 4146 etrum
1327 4100 1352 4146 u
1379 4074 1502 4147 coeicris
1528 4073 1845 4175 septemtnoreulibus
1871 4073 1980 4147 desce-

150 4230 175 4291 ιι
231 4219 307 4293 Sed
328 4222 434 4294 multo
458 4221 570 4320 mugile
597 4221 707 4292 omnis
720 4221 874 4320 sorensis
901 4218 983 4291 ordo
1011 4216 1129 4321 dffert.
1194 4215 1313 4292 Codex
1338 4217 1544 4317 Nomegicus
1560 4220 1636 4317 sere
1662 4218 1785 4318 ubique
1811 4216 1865 4289 ud
1877 4217 1980 4317 juro·

150 4375 223 4439 dum
249 4368 299 4439 rei
317 4366 551 4470 purgatorium
577 4365 643 4439 sire
669 4367 741 4465 ejus
767 4365 870 4438 solius
896 4366 962 4437 sire
988 4390 1066 4435 cum
1095 4362 1453 4436 consacramentalibus
1479 4362 1609 4434 recurrit
1634 4390 1663 4433 e.
1686 4362 1709 4435 l.
1740 4359 1818 4435 Gul.
1842 4342 1972 4457 Pinge.

150 4502 263 4587 tuti
289 4538 396 4611 usque
422 4508 538 4611 (apud
554 4508 727 4582 Puusium
754 4506 787 4583 l.
813 4507 994 4582 ibt-lbi
1021 4520 1053 4580 et
1072 4506 1338 4603 Mannhelgi-B.
1363 4536 1390 4580 c.
1410 4504 1473 4581 tf).
1497 4505 1559 4578 60.
1581 4504 1644 4580 61.
1667 4502 1717 4580 (ib
1738 4504 1799 4596 (ib.
1822 4535 1860 4607 p.
1885 4507 1973 4583 170.

153 4648 294 4745 5-177)
322 4668 355 4729 et
378 4655 493 4727 multis
517 4652 595 4727 uliis
620 4654 718 4742 loen,
757 4651 945 4726 Islundicus
971 4666 1084 4725 contro
1111 4651 1164 4725 od
1186 4666 1338 4726 erocutos
1364 4648 1516 4748 (quide),
1556 4652 1643 4724 illius
1663 4650 1868 4751 procedendi
1892 4650 1975 4724 ordo

168 4935 194 5005 ‘i
219 4942 276 5001 lece
307 4939 430 5020 quidem
460 4950 614 4998 retractus
645 4936 877 4997 conventionule
906 4936 1004 5013 legem
1028 4936 1158 5015 Grdgeis
1190 4933 1354 4993 admittere
1378 4933 1458 4991 alibi
1481 4930 1660 5002 observavi,
1692 4930 1747 4989 sed
1768 4930 1827 4991 boc
1852 4932 1892 4991 ab
1917 4934 1974 4995 illo

203 5044 277 5113 juro
308 5050 463 5097 retractus
490 5039 647 5116 gentilitii
677 5038 795 5114 legali,
829 5037 866 5093 dc
889 5056 946 5116 qno
971 5034 1024 5093 liic
1049 5040 1178 5113 agitur,
1210 5036 1333 5091 omnino
1364 5031 1518 5089 diuersum
1542 5052 1621 5101 ecoe,
1643 5030 1750 5108 focile
1774 5033 1972 5109 intelligitur.

213 5141 261 5198 Do
283 5144 363 5215 jure
394 5148 544 5197 retractus
576 5137 804 5197 conventionali
827 5137 925 5193 etium
949 5138 1022 5211 agit
1046 5136 1096 5193 les
1122 5134 1284 5202 Gelensis,
1316 5131 1371 5189 ced
1392 5131 1512 5190 brevius
1536 5130 1592 5189 snb
1618 5130 1812 5190 nominibus:
1842 5132 1972 5195 ”Muslu-

211 5236 299 5299 Jord”
325 5248 355 5295 et
381 5235 609 5299 ’‘sicheleco‘’
633 5259 662 5299 n.
683 5248 754 5297 sect.
780 5235 818 5295 de
832 5238 865 5309 j.
886 5234 962 5294 edet.
986 5255 1013 5291 c.
1030 5236 1091 5330 ξφ.
1112 5236 1164 5294 20.
1186 5236 1229 5295 22
1254 5230 1357 5308 <apud
1374 5230 1530 5291 Faucium
1554 5230 1582 5293 I.
1609 5226 1784 5303 220-224).

1733 5364 1747 5404 s
