4522 5850
759 419 1046 526 ..scm
1111 467 1180 488 ...

13 673 156 775 spiei'tsir
190 672 305 777 qeood
335 674 589 749 matrimonium
619 659 804 748 i'ricundum
832 681 957 773 prater
986 665 1087 755 iilud,
1124 656 1217 772 qood
1239 670 1354 746 diserte
1374 670 1594 774 prohibeatur
1618 702 1662 750 ne
1688 679 1816 780 nuptioe
1832 663 1931 780 fiant

16 817 136 892 diebus
149 821 255 919 sestis
281 834 313 895 et
330 822 458 921 jejunio
486 821 584 921 legali
608 819 727 893 di'cati's
755 816 803 914 sp
830 844 857 890 c.
877 813 927 891 13
957 815 1002 908 (Ι.
1035 812 1126 892 311.
1162 813 1275 907 325),
1311 843 1386 919 qeoe
1406 817 1589 919 prohibitio
1616 822 1662 908 ei,
1697 849 1771 926 qua
1796 826 1930 928 injure

18 976 72 1037 eet.
96 963 159 1037 Ist.
182 965 257 1039 ecel.
284 995 312 1040 c.
334 956 435 1057 ΞΓ)
462 965 517 1068 (p.
540 964 660 1041 tib-i
675 962 741 1053 19)
764 963 946 1036 continetur
964 961 1153 1062 respondet,
1183 991 1243 1036 nec
1267 989 1337 1034 non
1357 966 1554 1066 proscripto
1578 963 1712 1042 Codicis
1736 973 1823 1044 ci'rca
1847 999 1929 1045 mo-

19 1109 172 1182 trimonio
208 1112 252 1185 ob
290 1113 518 1213 cognationem
555 1139 665 1186 reram
700 1123 731 1185 et
765 1107 1015 1211 ecchsipsticam
1037 1101 1083 1179 'ei
1116 1105 1316 1209 affinitatem
1343 1109 1515 1210 prohibita
1542 1123 1574 1186 et
1596 1125 1714 1188 contro
1742 1115 1929 1217 bigrorniam

23 1250 81 1352 sp.
107 1284 135 1330 e.
156 1256 199 1331 11
230 1255 276 1350 (l.
307 1255 413 1347 322).

114 1394 119 1403 ’
182 1403 402 1507 Pracipuum
438 1403 711 1505 impedimentum
748 1400 995 1505 sponsaliorum
1034 1412 1066 1472 et
1098 1400 1293 1499 nuptiarum
1329 1400 1516 1477 christianis
1549 1406 1656 1480 saeris
1692 1410 1826 1510 receptis
1853 1413 1931 1511 suit

32 1549 168 1647 quoto
197 1550 248 1622 eet
270 1547 424 1651 affinitas
451 1551 534 1622 inter
558 1577 687 1623 morem
716 1561 747 1622 et
759 1548 974 1650 foeminam,
1009 1571 1082 1651 qvos
1100 1547 1206 1647 jungi
1229 1548 1414 1652 cupiebant.
1471 1547 1659 1623 Prohibitio
1687 1554 1731 1627 ob
1760 1556 1929 1655 cognatio·

36 1692 78 1764 iiis
99 1691 308 1793 affinitatisee
334 1696 514 1782 ei'riculum,
546 1698 640 1796 cujus
667 1693 854 1767 ethnicismi
878 1720 948 1768 iseo
971 1720 1040 1765 non
1062 1676 1210 1764 muttum
1228 1694 1313 1765 ratio
1336 1693 1539 1782 habebatur,
1559 1698 1637 1797 juri
1651 1695 1824 1799 pontificio
1846 1726 1929 1773 con-

25 1837 164 1935 formiter
187 1839 428 1914 extendebatur
449 1855 572 1943 prceter
595 1841 718 1914 hheom
746 1853 886 1927 rectam,
917 1840 981 1913 ubi
1005 1839 1092 1911 nulli
1114 1838 1249 1924 limi’tcs,
1279 1837 1332 1912 ad
1356 1840 1503 1940 qei'ntum
1531 1869 1637 1944 usque
1658 1843 1805 1943 padum
1832 1845 1929 1920 hicce

45 1982 209 2059 eohoterolis
226 1987 363 2088 oeqoaiis
380 2001 411 2060 ct
427 1986 479 2059 ad
493 1988 639 2089 quintum
657 1999 855 2089 sextumque
871 1986 967 2059 Ii'rieoe
984 1984 1174 2086 inaqealis,
1203 1986 1250 2057 ita
1271 1997 1384 2057 tamen
1405 1998 1443 2058 ut
1464 1989 1557 2060 reaia
1578 1989 1624 2061 ab
1645 1989 1798 2091 episcopo
1819 1989 1854 2062 in
1875 1990 1930 2064 his

45 2131 246 2206 tenatioribus
264 2131 431 2232 gradibus
455 2134 570 2205 solutis
594 2132 730 2206 decimis
743 2120 1003 2247 majoribus&
1024 2131 1140 2204 saitem
1165 2143 1295 2204 centum
1322 2131 1409 2204 ulnis
1433 2133 1574 2205 obtineri
1591 2146 1720 2234 posset,
1747 2135 1782 2208 si
1802 2136 1931 2238 utrique

46 2275 130 2372 pinta
150 2276 262 2378 gradu
289 2277 340 2350 oei
362 2278 444 2351 ulter
470 2280 580 2380 qei'rito
608 2279 690 2351 alter
714 2292 807 2351 sexto
836 2279 905 2352 sibi
920 2279 1034 2378 juncti
1043 2277 1195 2378 suen'nt,·
1223 2275 1280 2372 sp.
1309 2306 1338 2350 c.
1360 2275 1383 2349 3
1407 2276 1452 2368 (Ι.
1480 2275 1680 2368 308-310)
1703 2307 1731 2353 c.
1752 2279 1803 2355 10
1828 2308 1856 2355 c.
1878 2282 1920 2357 11

47 2419 93 2507 (ib.
112 2452 145 2521 p.
166 2420 366 2513 ato-3⁶23)
394 2453 422 2497 c.
446 2423 495 2498 55
527 2424 588 2515 (ib.
612 2454 652 2526 p.
679 2422 769 2502 379.
803 2421 918 2513 380),·
954 2425 1012 2523 ψ.
1032 2425 1096 2523 jus
1123 2423 1196 2495 ecci.
1226 2422 1285 2496 [si.
1314 2436 1403 2496 ectus
1430 2420 1530 2498 eth
1555 2453 1595 2526 p.
1620 2421 1697 2498 issb
1727 2422 1779 2498 ed.
1812 2425 1944 2500 Thor-¹

47 2564 131 2640 heb'iii.
192 2568 281 2668 Qoin
314 2583 347 2643 et
377 2584 472 2643 sexto
502 2568 615 2671 gradu
641 2571 823 2670 conjunctis
849 2567 961 2643 decem
989 2571 1097 2642 uncioe
1126 2564 1259 2659 (aurar)
1286 2567 1465 2668 eroganda
1491 2583 1585 2643 erant
1610 2584 1650 2644 ut
1674 2572 1929 2644 matrimonium

48 2708 94 2782 rie
112 2712 217 2788 utens
242 2713 288 2806 (I.
318 2713 413 2806 309)
427 2703 508 2806 m).
568 2714 656 2790 Cum
685 2743 757 2789 oero
785 2742 830 2788 es
853 2715 1048 2817 praecripto
1080 2712 1214 2787 Codicis
1241 2742 1316 2816 cap.
1334 2711 1416 2788 Χ1111
1444 2715 1502 2818 (p.
1524 2713 1619 2805 320)
1646 2723 1825 2819 computus
1852 2744 1930 2817 cog·

50 2858 165 2932 udonis
189 2857 396 2952 (knbmnnr)
424 2889 495 2935 non
510 2859 627 2961 fiebat
652 2889 677 2934 a
704 2863 811 2963 stipite
838 2859 1012 2935 communi
1036 2860 1269 2944 remotissimo,
1298 2857 1363 2931 sed
1386 2887 1410 2930 a
1425 2860 1537 2958 fratre
1561 2874 1592 2933 et
1614 2888 1724 2933 sorore
1745 2860 1928 2959 probibitio

53 3000 111 3076 huc
135 3035 163 3082 re
195 3035 270 3083 reru
308 3008 360 3082 od
390 3021 522 3081 sextum
556 3036 617 3080 nec
650 3035 720 3081 non
756 3019 890 3080 sextum
921 3016 953 3077 ei
977 3005 1154 3104 septimum
1177 3003 1326 3104 gradum
1354 2982 1592 3076 extendebatur
1617 3016 1649 3076 et
1675 3004 1768 3077 senio
1796 3017 1947 3078 tontum
2020 3074 2024 3081 .

56 3148 104 3236 iis,
130 3156 174 3255 pi
191 3166 286 3230 secto
309 3153 421 3254 gradu
449 3153 616 3254 conjuncti
640 3167 762 3239 essent,
800 3152 846 3225 ab
876 3149 1046 3252 Episcopo
1070 3149 1283 3222 tribuebatur.
1353 3147 1569 3251 Cognatibnis
1595 3175 1722 3251 quoque
1749 3149 1929 3251 spiritualis

57 3294 203 3398 batere
229 3301 383 3404 pn‘moee
409 3298 645 3373 christianismi
668 3299 866 3399 sigmatione,
896 3294 1146 3397 confirmatione
1172 3308 1204 3369 et
1229 3295 1432 3396 coeffessionc
1458 3296 1641 3368 auriculari
1664 3307 1843 3370 coiitroctoe
1867 3324 1929 3371 ro-

52 3443 88 3514 te
106 3457 137 3518 ui
155 3446 381 3552 impedimenti
403 3447 598 3551 nuptiarum
626 3445 762 3545 legitime
784 3444 992 3526 habebatur:
1028 3440 1089 3536 sp.
1120 3438 1192 3515 ch
1223 3439 1280 3541 (p.
1303 3428 1510 3530 310)””).

183 3593 256 3670 Sed
274 3607 396 3697 prater
421 3593 495 3666 hice
522 3591 758 3694 impedimerito
784 3591 979 3692 nuptiarum
1007 3615 1026 3661 e
1053 3587 1240 3662 christianes
1266 3588 1371 3660 sacris
1397 3583 1543 3658 oriundo
1569 3596 1665 3659 erant
1691 3584 1761 3657 etia
1780 3587 1856 3685 juri
1874 3584 1929 3660 Is·

11 3878 30 3977 ἰ
109 3910 133 3981 ¹)
157 3912 196 3972 In
219 3915 358 3972 versione
382 3912 489 3968 latina
515 3908 611 3983 hujus
635 3911 752 3987 cepitis
776 3906 996 3966 benedictionis
1022 3903 1142 3983 qoidem
1166 3902 1368 3962 sacerdotalis
1393 3903 1506 3959 mentio
1521 3901 1570 3975 fit
1595 3906 1641 3979 φ.
1660 3901 1761 3973 115),
1790 3900 1846 3960 sed
1863 3900 1930 3961 hese

11 3978 37 4155 ἒ
151 4032 211 4071 non
242 4017 279 4073 in
309 4022 395 4070 textu
422 4010 582 4069 Isiondieo
613 4010 766 4087 leguntur.
826 4009 989 4066 Praetereo
1022 4003 1246 4063 observandam
1276 4012 1322 4061 est
1346 3999 1404 4059 hoe
1429 4022 1497 4079 cap.
1524 4000 1561 4058 de
1586 4004 1707 4079 nuptiis
1731 4014 1762 4060 et
1785 4000 1930 4060 divortiis

24 4142 34 4173 ¹.
151 4132 240 4194 neqve
264 4114 299 4170 in
322 4110 393 4170 Coei.
420 4114 505 4188 regio
531 4129 624 4189 neqve
648 4112 684 4167 in
710 4107 783 4168 coa
808 4109 1007 4183 Magrusono
1032 4123 1126 4184 neqve
1151 4107 1186 4162 in
1211 4104 1287 4162 aliis
1312 4101 1463 4161 veteribus
1488 4100 1654 4160 Codicibus
1677 4120 1852 4172 occurrere,
1877 4100 1933 4160 sed

11 4222 39 4291 ἦ
151 4213 236 4272 inodo
261 4215 296 4270 in
320 4212 384 4270 solo
412 4211 484 4272 coc
512 4209 722 4269 Sbalholtenei
746 4219 799 4267 sot
823 4208 938 4266 recenti
963 4204 1066 4262 Seeuli
1090 4205 1245 4281 vergentis
1272 4190 1360 4273 1411)·
1385 4201 1456 4260 oide
1476 4213 1587 4260 notam
1608 4199 1703 4260 adh.
1726 4220 1795 4280 cap.
1811 4202 1848 4279 p}
1865 4196 1929 4258 114

34 4298 40 4409 '3
150 4314 193 4374 a
225 4311 403 4372 riarium
429 4313 444 4346 *
469 4309 527 4389 ess.
549 4309 643 4389 pref.
664 4332 699 4388 p.
719 4309 813 4369 reim
1606 4350 1609 4355 .
1994 4300 2034 4323 ··

12 4421 42 4531 ἶ
99 4445 135 4518 “J
159 4451 223 4509 Hoe
247 4448 373 4508 decima
398 4447 465 4507 ideo
490 4449 628 4520 majores
653 4438 753 4523 (moiri
778 4438 876 4522 tiund)
902 4438 1115 4509 vocabantur,
1140 4450 1175 4496 ut
1201 4435 1242 4495 ab
1268 4436 1345 4494 aliis
1367 4433 1512 4505 decimis,
1538 4456 1606 4513 qves
1628 4435 1765 4512 singulis
1787 4437 1882 4493 annis
1907 4453 1929 4492 o

12 4534 44 4659 Ἰ
152 4549 297 4609 bonorum
317 4545 541 4628 possessoribus
564 4544 715 4606 solvemiae
739 4554 830 4601 eraut
857 4562 948 4620 eoque
973 4560 1077 4610 acino,
1108 4560 1165 4620 qvo
1189 4539 1325 4614 majores
1343 4544 1593 4614 praestarentur,
1620 4554 1684 4593 non
1707 4545 1828 4611 excepto
1854 4529 1927 4609 (ese.

152 4643 199 4738 sp.
225 4671 252 4709 e.
271 4653 310 4710 55
332 4670 364 4728 p.
382 4649 483 4721 379),
510 4657 657 4705 accurate
681 4644 950 4721 descingeerencer.

18 4758 45 4843 1
96 4775 137 4852 Μ1
160 4785 297 4847 Novella
321 4785 500 4844 constitutio
525 4780 588 4841 hoo
613 4780 650 4839 ele
674 4800 707 4839 re
731 4772 780 4865 sp.
805 4798 830 4835 e.
853 4780 871 4834 3
891 4797 927 4854 p.
950 4776 1013 4833 308
1040 4773 1212 4844 laudatur,
1244 4771 1298 4831 sed
1319 4791 1357 4829 es
1374 4773 1405 4844 j.
1432 4780 1490 4828 eet.
1514 4766 1569 4828 Isl.
1597 4763 1667 4823 ecch
1694 4786 1719 4823 e.
1743 4763 1785 4822 44
1806 4785 1839 4843 p.
1864 4762 1928 4824 144

40 4866 45 4987 ἡ
153 4885 297 4945 discimus
321 4883 406 4943 hone
429 4883 680 4942 constitutionem
703 4880 856 4957 Episcopo
883 4874 1091 4934 Sealholtenei
1116 4877 1238 4950 Magno
1265 4871 1379 4928 Gieuri'
1399 4868 1477 4940 filio
1509 4866 1611 4925 deberi
1617 4884 1632 4935 ;
1665 4864 1722 4942 cfr.
1756 4864 1841 4925 hono
1871 4886 1931 4925 no·

154 4999 249 5045 strom
271 4987 360 5045 Dies.
381 5005 414 5062 p.
431 4982 594 5043 XXXIX.
648 4981 839 5059 Coeteroqvin
863 4975 959 5049 hujus
983 4974 1077 5033 edicti
1102 4978 1137 5032 in
1152 4978 1231 5045 jure
1255 4969 1325 5028 ecel.
1351 4966 1440 5025 modo
1467 4984 1608 5034 eurania,
1633 4962 1690 5022 scd
1709 4966 1744 5022 iri
1762 4977 1860 5044 parte
1881 4968 1930 5026 ei·

12 5070 38 5087 '⁹
154 5087 207 5145 vili
230 5085 312 5164 Iegis
337 5083 465 5161 Grdgeis
489 5094 590 5142 totum
613 5080 764 5149 edictum,
795 5090 830 5136 ut
855 5075 997 5146 videtur,
1020 5073 1182 5134 exhibetur
1205 5064 1256 5158 sp.
1280 5087 1351 5126 ciem
1375 5086 1446 5143 cop.
1468 5061 1488 5121 4
1514 5076 1580 5123 tum
1605 5082 1674 5143 cop.
1695 5066 1746 5124 55.

85 5201 140 5282 'mi
165 5219 228 5297 Csr.
252 5220 301 5281 Io.
326 5216 429 5278 olavii
452 5215 625 5276 Distriben
656 5211 1080 5273 historico-ecelesiasticam
1111 5205 1148 5265 de
1180 5203 1366 5282 cognatione
1398 5198 1563 5282 mirituaii
1588 5218 1611 5260 a
1635 5201 1751 5270 nostris
1776 5197 1932 5281 qvondam

155 5317 325 5394 majoribus
348 5315 515 5378 mensotis
544 5314 684 5393 Hosnioe
703 5315 799 5373 1771.
832 5313 862 5373 8.
1681 5401 1702 5458 2

1646 5412 1669 5474 P
