4522 5850
863 295 933 321 -
998 249 1239 342 CXXXIV
1304 296 1374 318 -

164 507 214 584 ll.
235 535 275 609 p.
294 501 387 583 036.
445 500 575 579 Arrlroe
602 500 695 575 datio
723 500 858 587 nullibi,
888 484 979 605 qood
1001 501 1127 589 sciam,
1154 500 1298 602 exigitur
1307 488 1352 594 ’).
1416 498 1468 578 Ut
1494 435 1680 576 cbntractus
1706 528 1823 575 coram
1849 499 1985 575 testibus
2006 502 2046 576 ini

101 650 106 658 ’
164 668 276 730 rentur
299 665 361 727 aut
386 650 443 724 lec
460 649 566 751 jussit
591 659 653 722 out
672 646 854 751 prudentia
880 648 998 734 suasit,
1037 674 1115 720 cum
1142 648 1236 720 nula
1262 649 1479 722 r'rrstrumenta
1507 647 1549 720 de
1576 661 1744 722 corrtructu
1770 649 1853 721 inim
1881 643 2046 746 confisam

37 813 41 822 ¹
166 813 229 876 tur.
287 797 371 873 Hac
398 796 440 870 dc
466 823 574 869 causa
598 793 725 896 sapius
751 792 788 864 in
818 790 941 866 Codice
966 805 1078 866 nostro
1105 794 1290 866 inculcatur
1314 806 1517 867 contractmn
1544 792 1677 866 tamdiu
1704 821 1775 866 esse
1797 791 1950 888 calidum
1975 819 2046 895 qrar.

166 960 260 1022 testes
292 944 438 1020 adhibiti
465 943 560 1016 illum
585 939 750 1015 memoria
775 950 926 1014 tenerent.
990 936 1051 1013 Ee
1077 891 1241 1012 sectionis¹
1255 937 1297 1012 de
1323 967 1358 1014 rc
1383 940 1521 1013 nautica
1548 967 1625 1042 cap.
1648 938 1730 1016 10ω
1758 937 1825 1031 (ΙΙ.
1854 937 1954 1029 t06)
1979 939 2046 1013 enti

167 1092 306 1170 venditio
332 1091 419 1166 circa
433 1086 593 1192 fundum
621 1087 671 1161 ecl
693 1111 814 1159 narem
840 1084 1072 1159 mercatoriam
1099 1085 1150 1157 ecl
1168 1099 1356 1186 proeturam
1383 1086 1467 1159 e'rrrta
1492 1085 1579 1158 ruhil
1601 1086 1704 1161 valuit
1726 1086 1795 1158 nisi
1817 1097 1913 1158 testes
1938 1083 2046 1158 adtttt

167 1251 280 1314 essent.
336 1235 434 1311 Idem
462 1233 503 1307 de
528 1233 710 1335 sponsaliis
736 1230 882 1307 edicitur.
938 1230 1012 1305 Sed
1030 1230 1121 1303 hanc
1143 1234 1422 1305 enumerationem
1444 1258 1514 1303 non
1535 1232 1733 1333 completam
1756 1259 1826 1305 esse
1846 1259 1893 1305 ex
1912 1230 1989 1303 aliis
2008 1226 2046 1304 Co

168 1384 253 1459 dicis
279 1381 359 1458 locis
386 1391 501 1485 patet,·
536 1378 609 1454 eide
636 1377 677 1451 de
704 1389 873 1452 contractu
895 1377 1108 1478 prgnoratitio
1137 1377 1223 1450 Lbr.
1252 1405 1282 1452 c.
1305 1376 1372 1467 10,
1411 1377 1481 1451 Kb.
1509 1405 1537 1452 c.
1562 1377 1623 1454 10.
1687 1378 1749 1453 Ec
1776 1376 1878 1479 Sagis
1904 1373 2046 1450 Islandici

167 1543 309 1634 apparet
327 1529 408 1629 jam
432 1526 613 1628 antipeitus
636 1535 839 1599 contractum
864 1523 1032 1624 defundi
1050 1524 1189 1596 emtione
1210 1524 1281 1597 sine
1300 1517 1437 1596 tcstibbs
1458 1522 1578 1596 initum
1596 1552 1662 1626 pro
1683 1524 1774 1596 nullo
1787 1524 1904 1622 fuisse
1926 1520 2046 1594 habitur

168 1674 409 1753 Memorabilis
436 1687 484 1747 est
509 1673 603 1748 loeus
628 1671 664 1744 in
689 1666 847 1744 Laxdaela
869 1671 905 1744 S.
934 1697 963 1744 c.
983 1668 1032 1747 hl
1059 1699 1098 1770 p.
1119 1669 1213 1746 010.
1244 1668 1318 1745 011
1344 1694 1534 1755 occurrens,
1567 1670 1623 1771 qvi
1648 1668 1853 1743 demonstrat
1878 1677 2046 1743 commotu

171 1824 324 1897 emtionis
340 1819 507 1919 descendo
526 1816 682 1920 prodam,
704 1817 787 1890 inter
797 1814 1035 1890 Thorarinum
1052 1827 1084 1889 et
1098 1812 1253 1889 Bollium
1269 1815 1407 1902 initum,
1425 1841 1503 1889 cam
1521 1815 1564 1888 ob
1584 1843 1726 1888 eausam
1743 1843 1812 1888 non
1830 1813 1981 1889 calidum
1996 1822 2046 1885 ast

172 1980 303 2040 matum
312 1964 443 2066 suissc,
473 1963 565 2066 qnod
581 1975 629 2035 tot
648 1976 742 2036 testes
761 1989 831 2036 non
846 1973 1026 2064 praesentes
1034 1962 1187 2061 fuissent
1203 1972 1278 2062 quot
1294 1987 1313 2033 e
1329 1961 1395 2061 lcge
1412 1960 1656 2062 reqeirebantur
1671 1959 1721 2051 (at
1738 1961 1772 2036 ei
1788 1986 1877 2036 voro
1895 1984 2006 2036 menn
2020 1981 2046 2033 st

173 2110 302 2208 margin
328 2107 410 2201 hii,
450 2119 485 2184 at
510 2110 573 2208 pat
599 2106 692 2207 pothi
718 2132 800 2181 vera
826 2103 975 2204 lbgfullt)
992 2096 1045 2198 ”)
1082 2108 1296 2209 qramobrem
1322 2105 1507 2180 Kiartanus
1538 2105 1578 2181 T
1573 2107 1730 2180 horan'no
1763 2108 1928 2210 persensit
1957 2119 1994 2181 ut
2016 2106 2046 2208 ip

174 2256 315 2333 eundern
327 2254 487 2358 fiendum
512 2255 629 2330 eodem
650 2254 756 2356 pretio
779 2250 934 2327 venderet.
997 2250 1061 2328 Sin
1088 2266 1272 2329 contractus
1298 2254 1369 2326 siue
1395 2254 1531 2327 testibus
1558 2255 1659 2328 mitus
1686 2255 1731 2327 ab
1761 2255 1865 2329 altera
1888 2253 2024 2357 partej

175 2416 427 2479 consummatus
439 2402 563 2504 suerit,
593 2413 728 2474 catenus
751 2398 881 2500 quidem
905 2397 1035 2473 calidus
1045 2401 1138 2502 suit,
1166 2400 1229 2473 sed
1241 2412 1348 2501 pocta
1368 2399 1515 2501 adjecta,
1546 2427 1619 2504 qva
1640 2401 1722 2474 alter
1742 2400 1928 2501 denegaret,
1956 2396 2046 2471 nulla

174 2562 287 2623 tamen
309 2550 376 2623 eim
395 2547 578 2622 habebant.
640 2545 868 2646 Qoamobrem
892 2546 986 2619 bona
1011 2546 1144 2619 clocans
1166 2573 1195 2619 s.
1218 2544 1355 2619 creditor
1378 2547 1415 2619 in
1439 2547 1502 2619 tali
1524 2573 1607 2620 casu
1632 2545 1683 2636 (at
1702 2543 1804 2642 leigia
1824 2541 1996 2634 vattlaust)
2014 2569 2046 2616 nc

175 2696 300 2769 locaria
322 2723 347 2768 a
369 2693 511 2768 debitam
533 2692 660 2794 exegere
676 2693 789 2794 potuit
808 2693 877 2765 nisi
896 2693 1071 2795 qooesortc
1091 2691 1219 2792 legibus
1240 2693 1415 2764 constituta
1424 2693 1576 2794 suerint,·
1602 2693 1673 2767 Kb.
1697 2721 1725 2766 c.
1747 2689 1770 2765 6
1795 2690 1841 2782 (Ι.
1864 2690 1956 2768 398.
1978 2687 2046 2766 399

177 2840 268 2918 Cum
294 2854 407 2916 autem
434 2867 486 2914 res
512 2838 639 2941 sapius
667 2837 958 2913 commodarentur
983 2838 1033 2913 etl
1057 2808 1293 2940 deponerentur
1317 2838 1417 2911 nullr's·
1442 2839 1578 2912 testibus
1601 2840 1841 2940 prasentibus,
1870 2841 1917 2927 is,
1947 2838 2003 2941 qvi
2014 2862 2046 2909 re

174 3019 209 3065 sc
230 2989 394 3092 accepisse
413 2985 509 3059 mala
520 2983 600 3085 fide
622 2985 808 3088 denegaret,
823 2987 919 3086 furti
937 2986 987 3059 ecl
1006 2981 1160 3081 gorttikis
1178 2984 1216 3078 (i.
1231 3010 1258 3058 e.
1278 2985 1327 3059 rei
1340 2976 1520 3057 ablationis
1536 2983 1685 3086 injusta)
1703 3015 1748 3060 ex
1765 2986 1899 3087 optione
1915 2984 1992 3057 loesi
2003 2982 2046 3054 ins

175 3138 300 3211 mulari
314 3133 444 3236 potuit,·
471 3131 541 3204 Kb.
564 3159 592 3204 c.
615 3129 638 3203 6
663 3129 709 3224 (Ι.
736 3128 826 3206 000.
853 3130 961 3223 001).
1016 3128 1109 3204 Dein
1131 3142 1317 3205 contractus
1337 3133 1476 3232 majoris
1494 3133 1658 3206 momenti
1677 3145 1708 3205 et
1728 3161 1808 3236 qvos
1825 3159 1926 3206 nosse
1946 3129 2046 3203 altono

128 3277 136 3289 ’
175 3284 327 3356 intererat
347 3305 462 3351 coram
485 3276 606 3348 accolis
629 3277 765 3376 qeche
782 3275 832 3349 ecl
845 3278 946 3348 ctiam
964 3303 1081 3349 nocem
1099 3263 1341 3376 monfistandi
1355 3290 1463 3365 crant,
1493 3280 1569 3380 qein
1590 3290 1621 3350 et
1641 3279 1676 3350 in
1685 3280 1772 3378 soro
1789 3279 2003 3380 potissimum
2019 3266 2046 3349 h

175 3427 265 3527 ping
285 3421 503 3526 publicandi,
533 3447 607 3524 qna
622 3420 847 3522 proclamatio
869 3420 1033 3491 interdum
1055 3433 1093 3493 ut
1105 3423 1169 3521 jus
1191 3422 1259 3494 sibi
1276 3422 1470 3523 stipulatum
1494 3436 1673 3497 servaretur
1692 3437 1778 3497 stato
1801 3438 1947 3526 tempore
1968 3430 2046 3525 repet

177 3578 296 3661 batum·
323 3573 381 3672 cfr.
404 3571 472 3644 Lb.
502 3598 530 3644 c.
554 3568 603 3644 10
629 3597 669 3670 p.
688 3565 765 3643 037
798 3579 830 3638 et
855 3535 947 3641 039.
1003 3563 1064 3640 Ec
1082 3566 1239 3668 pluribus
1259 3565 1342 3638 locis
1367 3567 1584 3665 manfistum
1600 3567 1652 3668 fit
1673 3582 1893 3657 contractum,
1924 3569 1976 3644 ad
1993 3593 2046 3671 qen

176 3717 359 3794 ineundum
395 3717 430 3789 oi
461 3717 587 3816 injusta
622 3714 673 3788 ecl
704 3712 783 3785 dolo
819 3712 913 3786 molo
950 3712 1021 3813 qvis
1054 3711 1285 3812 impelleretur,
1323 3711 1409 3785 nrhrl
1440 3713 1579 3786 eahcisse
1614 3715 1690 3816 qcin
1718 3728 1750 3788 et
1776 3716 1891 3790 dolum
1920 3714 2046 3788 adhibeo

176 3877 246 3977 tem·
273 3862 410 3963 insuper
434 3886 569 3960 gruem
595 3885 746 3958 poenam
777 3857 959 3932 incurrisse.
1024 3854 1120 3931 Hine
1155 3858 1189 3929 si
1207 3857 1322 3959 suncti
1353 3859 1511 3932 dominus
1537 3862 1616 3960 jure
1645 3862 1856 3962 protirniseos
1887 3861 2046 3962 gaudente

177 4020 216 4082 ut
247 4018 449 4106 emungeret,
488 4015 643 4077 emtorem
675 4002 757 4105 plus
783 4005 879 4106 justo
908 4002 1014 4107 pretio
1048 4000 1163 4106 cffirre
1194 4004 1408 4079 simulantem
1442 4004 1674 4093 subornasset,
1710 3991 1780 4081 non
1813 4007 1924 4081 solum
1958 4009 2000 4081 ob
2028 4013 2046 4076 tt

177 4156 242 4229 lem
274 4150 390 4225 dohern
421 4148 500 4222 talis
529 4147 677 4222 uenditor
710 4176 780 4222 non
816 4149 904 4223 ultra
939 4177 1050 4224 cenem
1081 4149 1227 4252 pretium
1262 4178 1308 4225 cc
1343 4151 1561 4224 testinatione
1597 4153 1732 4254 qeirqoe
1766 4153 1958 4226 accolamm
1979 4152 2046 4253 sun

173 4284 410 4403 proximorum
436 4294 639 4398 accipiebat,
669 4294 734 4368 scd
756 4295 790 4368 si
801 4295 897 4397 sorte
914 4297 997 4399 jam
1024 4296 1202 4396 accepisset
1214 4294 1375 4398 fundum
1401 4296 1538 4371 rehtenti
1561 4323 1736 4372 summam
1762 4297 1972 4370 excedentem
1997 4317 2046 4371 rest

256 4629 290 4702 ‘)
324 4624 374 4688 Oh
405 4621 490 4685 hanc
521 4627 627 4703 meam
655 4640 789 4682 causam
819 4641 881 4682 vos
911 4621 1097 4688 ”handselid
1127 4631 1243 4706 sceptus
1273 4628 1459 4707 simpliciter
1483 4649 1545 4708 pro
1576 4624 1757 4687 contrahere
1781 4626 1949 4688 adlribetur
1978 4626 2046 4690 enh

312 4748 338 4787 c.
355 4729 398 4785 12
415 4745 452 4804 p.
471 4720 535 4783 234
558 4735 588 4781 et
610 4720 830 4784 ”handselnslit”
853 4737 1023 4801 usurpatur
1041 4747 1102 4804 pro
1125 4731 1295 4789 violatione
1316 4741 1504 4788 contractus.
1554 4731 1732 4787 Posteriore
1756 4740 1861 4787 autem
1883 4740 2017 4809 tempore
2036 4731 2046 4787 i

313 4826 440 4887 tcrdwn-
462 4833 643 4884 contractus
672 4822 795 4884 validos
820 4820 947 4882 habitos
960 4822 1069 4902 fuisse
1094 4847 1272 4908 quanquam
1296 4831 1375 4889 talis
1399 4829 1564 4906 stipulatio
1589 4846 1652 4884 non
1677 4829 1900 4900 intercesserit,
1931 4850 1970 4889 ex
1996 4829 2046 4889 adt

313 4937 449 4986 tommo
474 4924 549 4986 Cod·
573 4924 770 5002 Magnoeani
796 4924 833 4981 in
858 4923 932 4983 Ood.
963 4927 1052 5001 regio
1083 4943 1146 4984 non
1176 4941 1351 4990 occurreras
1375 4932 1463 4989 circo
1488 4927 1673 4989 locationem
1697 4928 1928 4989 conductionem
1949 4930 2046 5010 prou

315 5047 384 5086 rum
408 5025 465 5088 Lb.
489 5045 516 5084 c.
534 5022 578 5088 ⁴5
606 5025 668 5100 (ll.
695 5022 776 5096 3³4)
801 5025 853 5086 ”ef
873 5022 1026 5087 hsndsslat
1048 5026 1119 5083 πθ
1142 5029 1314 5105 colligitur.

242 5162 293 5234 Ὅ
323 5157 439 5220 Eodem
463 5158 590 5221 redeunt
614 5159 709 5223 verta
733 5157 884 5224 Kiuteni:
915 5157 985 5223 echi
1010 5154 1092 5221 talla
1115 5157 1156 5220 ek
1180 5154 1239 5247 Iret
1262 5159 1429 5244 lrndknup,
1459 5180 1495 5226 cr
1518 5158 1549 5228 ei
1573 5180 1608 5224 er
1631 5170 1747 5225 vnttum
1770 5160 1887 5226 tundit.
