4522 5850
816 290 1434 434 --111111111---ἷΙ

258 536 421 612 Maxime
451 553 563 613 autem
583 528 743 640 soa'ebat
772 539 825 613 od
840 539 1016 640 formulas
1036 539 1196 638 forenses
1223 540 1430 639 augustiores
1458 524 1662 626 retemtas,
1699 527 1793 644 quod
1815 569 1881 616 me
1902 542 2002 644 prin-

150 709 163 754 s
190 683 283 754 uuo
310 685 518 783 siugulamm
541 684 758 786 periodomm
784 697 975 786 repeteretur
998 712 1027 756 u.
1045 712 1074 757 e.
1104 708 1145 757 ec
1171 681 1321 756 steini
1345 686 1390 761 N.
1414 685 1458 760 N.
1485 710 1546 759 um
1572 685 1635 780 pat
1661 710 1701 760 er
1726 683 1822 759 hann
1849 696 1907 759 toc
1933 685 2000 780 eigi

166 826 271 899 barni
287 865 414 881 —-
432 827 576 903 stefni
601 828 800 905 eobanum
824 827 861 900 til
885 824 995 924 gialda
1011 862 1068 879 -
1084 825 1228 900 stefni
1252 852 1300 900 ec
1321 826 1452 902 henum
1474 827 1511 902 til
1532 830 1660 926 pings;
1695 831 1867 926 Omagab.
1896 859 1924 903 e.
1946 829 1997 905 19

163 970 272 1061 368).
335 974 494 1047 Srmditer
524 976 561 1047 in
595 976 665 1048 alia
687 974 848 1074 Jonnula
882 971 1029 1072 q'usdem
1064 972 1181 1073 capitis
1212 974 1347 1045 uerierunt
1377 970 1443 1049 ”ec
1471 973 1584 1072 qved’
1615 988 1728 1076 quater
1751 974 1866 1049 eadem
1893 974 1996 1047 modo

150 1117 249 1202 utu,
288 1146 349 1191 nec
381 1146 451 1191 non
483 1121 519 1191 in
552 1120 622 1191 alea
644 1119 805 1219 sonnula
839 1119 974 1190 uerbum
1009 1113 1075 1189 ”ec
1101 1112 1170 1188 101’
1208 1130 1321 1218 quater
1345 1120 1391 1192 ib.
1416 1148 1456 1220 p.
1484 1118 1561 1195 369
1591 1132 1623 1193 ct
1649 1121 1784 1193 uerbum
1814 1116 1880 1192 ”cc
1906 1116 1995 1218 lysi”

150 1261 197 1333 'ern
229 1276 341 1363 quater
369 1262 493 1334 ibidem
525 1264 670 1336 occum't.
738 1243 901 1362 Vigslodi
928 1290 956 1334 c.
981 1258 1033 1334 93
1067 1260 1132 1352 (II.
1160 1292 1199 1362 p.
1226 1260 1294 1353 39)
1317 1265 1508 1363 [annulum
1535 1265 1635 1351 sistet,
1675 1292 1741 1366 qua
1768 1266 1903 1340 uerbum
1930 1261 1997 1337 ”ec

150 1402 201 1476 d”
230 1420 343 1507 quater
367 1408 472 1480 sirmii
494 1410 620 1482 ratione
646 1409 785 1482 occurrit
810 1419 843 1480 et
867 1405 979 1479 dudem
1010 1403 1075 1479 ”ec
1102 1403 1189 1506 lysi'’
1204 1396 1248 1497 ”).
1821 1411 1824 1415 ’

251 1552 426 1626 Fannula
453 1550 633 1626 Islandicoe
666 1581 737 1627 non
769 1554 880 1627 solum
909 1580 1015 1625 usum
1032 1555 1156 1653 prima
1182 1563 1215 1625 et
1238 1553 1395 1627 secundet
1416 1580 1572 1655 personet
1599 1582 1676 1627 crau
1704 1554 1780 1628 alies
1806 1554 1911 1629 medii
1934 1555 1999 1645 ceti

150 1724 292 1770 rmunem
320 1698 463 1784 habent,
493 1698 608 1772 sedet
633 1699 698 1773 leae
720 1698 887 1801 peculiare
913 1709 951 1770 ut
971 1725 1159 1798 pronomen
1184 1699 1427 1772 substantiuum
1447 1696 1538 1772 ''ek'’
1565 1696 1654 1800 (ego)
1678 1702 1714 1773 in
1738 1700 1877 1799 siugulis
1902 1726 1996 1773 com-

150 1843 232 1915 *ibus
254 1847 366 1943 primo
394 1845 465 1917 Ioco
489 1845 638 1945 positum
665 1872 797 1946 semper
820 1856 979 1929 recurrat,
1010 1870 1072 1944 quo
1099 1869 1170 1915 non
1191 1845 1306 1945 potuit
1328 1871 1397 1917 non
1423 1872 1512 1917 noua
1538 1846 1586 1917 uis
1608 1846 1732 1918 tale'bus
1745 1844 1912 1943 fomrulis
1936 1873 1995 1919 ae*

150 2015 211 2074 ere,
251 1991 314 2061 ubi
342 1992 378 2062 in
415 1991 555 2063 comitiis
575 1990 706 2089 forisve
737 1991 774 2062 in
808 1991 967 2062 maxima
1002 1988 1178 2062 hominum
1199 1989 1391 2089 frequentia
1423 1989 1606 2077 ederentur,
1645 2002 1684 2062 ut
1713 2006 1768 2063 α’
1788 1991 1868 2064 locis
1892 1981 1995 2092 jam·

150 2162 155 2200 ι
182 2134 291 2207 010111
316 2148 427 2235 patet,
466 2161 541 2237 qua
558 2133 668 2235 facile
695 2163 796 2236 quarn
817 2134 974 2236 plun'mis
1000 2133 1162 2236 exemplis
1189 2159 1307 2233 augere
1328 2136 1532 2233 pouctsscrn,
1568 2136 1638 2210 nisi
1661 2136 1726 2210 hoe
1752 2162 1994 2238 supervacuum

150 2277 266 2350 cessem.
344 2284 349 2291 '
1763 2298 1768 2305 “

247 2425 392 2501 Seruauit
419 2440 451 2501 et
477 2426 567 2499 hune
592 2427 740 2528 priscum
769 2427 910 2501 colorem
929 2429 992 2528 jus
1017 2441 1168 2500 nostrum
1196 2426 1287 2528 quod
1309 2440 1341 2500 et
1364 2441 1496 2529 tempus
1522 2442 1554 2502 ct
1578 2430 1727 2531 spatium
1753 2430 1992 2505 obseruationi-

150 2593 167 2653 ='‚
196 2598 268 2671 quer
293 2573 330 2643 in
356 2601 472 2646 seusus
499 2573 677 2645 hommum
704 2572 755 2644 uel
776 2573 913 2645 nedium
940 2574 1123 2661 mouerunt,
1154 2570 1340 2672 definiatur.

208 2810 213 2815 Ι
246 2715 290 2789 Iu
307 2721 387 2815 jure
415 2719 510 2790 ueteri
533 2717 606 2790 eccl.
635 2716 694 2791 Ist.
724 2746 752 2791 c.
773 2720 793 2794 7
827 2717 983 2819 definitur
1007 2720 1117 2804 torus,
1146 2721 1183 2792 in
1211 2747 1273 2821 quo
1300 2719 1454 2792 ieomiues
1480 2719 1649 2820 sepultura
1675 2719 1813 2793 honesta
1839 2717 1991 2793 enterdie*

169 2862 290 2962 sepelire
320 2863 391 2936 iicet
421 2865 485 2950 ita,
524 2876 562 2936 ut
586 2863 703 2936 saltem
730 2865 830 2963 jactu
855 2866 985 2964 sagitta
1016 2891 1040 2934 a
1058 2863 1178 2963 sunda
1206 2890 1287 2936 area
1313 2877 1404 2965 septo
1432 2863 1529 2936 distet
1553 2866 1616 2938 utu·
1639 2892 1699 2937 nec
1725 2892 1804 2964 ager
1828 2877 1893 2951 est,
1931 2891 1991 2939 nec

150 3015 230 3093 trun,
268 3035 328 3079 uec
354 2980 444 3081 andi
471 3036 559 3110 aquo
595 3009 648 3082 ud
674 3009 784 3082 uillam
803 3009 905 3110 fluit,
944 3005 1011 3080 soal
1039 3008 1105 3102 Par
1132 3005 1227 3102 grase
1255 3032 1294 3081 er
1319 3003 1379 3080 firr
1406 2999 1444 3080 se
1471 3007 1630 3102 11111ςο1111
1657 3031 1758 3081 manu
1784 3034 1856 3083 enn
1884 3009 1897 3083 i
1926 3014 1989 3084 or-

150 3155 181 3220 11
206 3150 296 3249 hetgi
334 3179 377 3227 oc
412 3156 479 3248 Par
514 3179 552 3226 er
587 3152 719 3226 hvartki
753 3179 792 3226 se
827 3151 887 3224 akr
921 3179 968 3226 ne
997 3177 1065 3247 eng
1094 3177 1138 3226 oc
1165 3152 1220 3248 egi
1247 3149 1317 3224 10111
1344 3156 1429 3226 111111
1457 3151 1497 3225 af
1520 3149 1557 3226 111
1584 3151 1753 3228 hulstada.
1797 3154 1885 3245 (ude
1911 3155 1987 3231 edit.

150 3288 274 3369 iuuetur·
298 3329 337 3398 p.
361 3297 410 3371 38
444 3327 472 3371 c.
495 3297 562 3389 18)
594 3299 647 3370 die
673 3298 815 3371 Saturni
841 3300 993 3371 sarciras
1019 3309 1154 3399 portare
1184 3298 1275 3371 utut
1304 3299 1408 3371 donec
1438 3300 1492 3372 sot
1523 3298 1637 3399 adhuc
1671 3298 1780 3372 tusto
1815 3303 1989 3401 magru'ta-

150 3463 201 3514 ta
221 3462 305 3518 terra
329 3445 424 3519 distet
449 3443 509 3537 (El
538 3447 641 3541 mapr
667 3445 733 3518 ber
760 3440 876 3545 klyfiar
896 3425 1064 3538 Pvattdag
1185 3468 1229 3517 oc
1255 3446 1276 3517 α’
1302 3443 1447 3517 athera
1471 3441 1508 3516 111
1533 3444 1617 3537 poss
1644 3469 1683 3516 er
1706 3441 1761 3516 sol
1785 3469 1824 3517 er
1847 3445 1988 3543 scapthi

155 3616 187 3686 p.
206 3590 291 3681 9t)‚·
323 3592 413 3664 edem
439 3592 555 3665 eodem
582 3592 654 3665 loco
682 3590 725 3664 de
752 3591 892 3664 conuiuis
917 3591 1112 3691 neptunum
1140 3588 1283 3663 edicitur.
1345 3587 1533 3690 Desmptio
1561 3602 1673 3662 autem
1701 3602 1858 3663 accurata
1885 3589 1988 3691 liujus

150 3698 331 3808 tenendiani
354 3739 510 3838 temporis
536 3739 673 3810 occurrit
699 3735 771 3808 eod.
800 3764 874 3837 cap.
900 3766 939 3836 p.
961 3733 1012 3810 96
1040 3736 1096 3829 pi
1123 3759 1169 3808 er
1197 3731 1266 3810 sol
1294 3731 1477 3832 scapthi
1504 3731 1545 3806 ef
1565 3735 1669 3829 mapr
1693 3731 1812 3807 stende
1836 3733 1849 3807 i
1874 3731 1984 3810 fiauro

170 3904 206 3952 er
232 3883 338 3955 11ιὸ111
365 3883 434 3956 sia'r
462 3907 509 3955 oe
531 3879 613 3954 land
641 3889 676 3954 at
701 3877 920 3954 hilsstillnom
948 3880 1019 3969 sie,
1059 3905 1103 3953 oc
1127 3879 1233 3951 maetti
1258 3877 1356 3953 hann
1383 3879 1435 3952 sia'
1460 3878 1473 3951 i
1501 3876 1567 3952 has
1588 3890 1627 3952 111
1652 3879 1703 3976 Pi
1729 3904 1769 3953 er
1795 3875 1849 3951 sol
1877 3905 1986 3975 geogr

150 4027 238 4099 ratni.
304 4027 406 4102 Euda
438 4028 533 4127 syniu
563 4025 701 4100 honom
732 4051 793 4099 sva
820 4023 861 4099 es
884 4025 979 4124 spicit
1005 4027 1088 4098 vaeri
1115 4034 1181 4099 sett
1207 4023 1312 4096 undir
1339 4021 1452 4097 selina
1478 4026 1541 4121 pat
1568 4050 1607 4099 er
1634 4042 1705 4101 sva·
1720 4025 1801 4098 vaeri
1829 4035 1925 4124 saept
1951 4035 1986 4101 at

150 4193 175 4242 11
199 4173 306 4244 maetfi
333 4171 408 4244 take
432 4170 540 4246 hendi
566 4167 604 4244 111
630 4156 729 4260 fals(
746 4178 782 4243 at
804 4168 931 4243 oddrin
953 4166 1025 4244 toci
1046 4170 1152 4244 undir
1174 4167 1306 4260 soline,
1341 4195 1413 4244 enn
1439 4170 1662 4267 spiotuscaptz
1686 4167 1806 4245 halinn
1829 4168 1844 4242 i
1868 4170 1983 4246 sisinn

150 4317 218 4392 ·es
239 4319 253 4390 1
279 4317 373 4391 heidi
401 4319 507 4391 maeth'
534 4319 607 4407 sit,
640 4342 685 4390 00
709 4313 813 4388 maelfi
840 4314 937 4388 hann
963 4316 1027 4389 niis
1052 4315 1102 4389 fet
1127 4315 1180 4388 fra
1205 4315 1243 4405 (i.
1262 4343 1290 4388 e.
1312 4343 1358 4387 ex
1377 4315 1519 4388 uersione
1539 4313 1750 4389 Thorlcdini:
1781 4313 1847 4397 Set
1867 4317 1984 4390 hostete

150 4478 235 4536 rest
260 4465 294 4535 si
318 4466 389 4548 cui,
425 4466 543 4549 littore,
581 4462 618 4534 in
644 4476 738 4535 terroe
764 4461 933 4560 marisque
959 4461 1012 4534 ad
1036 4461 1216 4535 dimidium
1243 4461 1406 4562 rqlcurrtss
1432 4457 1583 4560 confinio·
1605 4463 1781 4548 msektenti,
1815 4463 1985 4564 solemque,

150 4636 316 4683 oceanum
351 4610 673 4710 appropinquantem
709 4605 746 4697 (i.
769 4634 797 4679 e.
830 4605 883 4678 ad
910 4633 1065 4679 occasum
1099 4604 1292 4706 uergentem)
1321 4607 1536 4709 prospicienti
1560 4604 1724 4713 uideatur,
1762 4605 1854 4708 quod
1875 4607 1994 4715 hasta·

178 4755 280 4854 longi
307 4755 496 4840 manubrii,
534 4766 573 4826 ut
601 4751 772 4854 cuspidem
803 4777 912 4823 manu
937 4752 1074 4852 ‚assequi
1097 4753 1225 4853 possit,
1263 4755 1297 4824 si
1323 4754 1387 4824 sub
1420 4753 1488 4825 sole
1513 4752 1694 4849 mutter,
1731 4752 1843 4851 cuspis
1868 4752 1984 4845 solcum

150 5092 175 5161 9
215 5085 282 5165 Osr.
310 5083 472 5144 Nutu-S.
498 5084 629 5144 diuersis
653 5083 730 5141 lacis
754 5081 809 5141 sed
827 5085 1025 5160 potissimum
1051 5103 1084 5160 p.
1109 5084 1173 5141 232
1205 5079 1259 5138 ubi
1290 5091 1400 5160 quater
1429 5082 1577 5159 repetitur
1601 5079 1726 5143 uerbum
1750 5084 1803 5147 ”ec
1825 5084 1929 5147 nefni”
1952 5100 1983 5148 ee

198 5207 237 5264 p.
262 5187 327 5244 233
353 5183 408 5243 ubi
431 5183 489 5244 ”ek
512 5173 609 5273 lquu
634 5183 786 5243 similiter·
803 5193 912 5262 quater
936 5193 966 5241 et
991 5185 1103 5241 iterum
1127 5180 1195 5240 ead.
1217 5199 1297 5259 pag.
1323 5182 1481 5262 quinquies
1504 5182 1660 5244 oceanis(

1728 5327 1759 5413 k
