4522 5850
1075 324 1150 359 ...·
1212 264 1325 378 202
1386 326 1462 389 ι...
1591 340 1594 347 .

307 520 443 640 ingiur
469 528 562 609 tofi.-
624 524 684 609 en
712 537 768 635 po
793 529 883 628 scel,
912 538 1028 635 mops-
1055 529 1235 634 sinlfrapi
1301 550 1436 619 eorum
1456 548 1651 611 consensu
1672 526 1879 626 abalienet.
1930 524 2156 631 Uns'cniqee
2173 541 2237 602 at·

307 680 412 787 syris
434 678 475 756 fe
496 678 603 773 sino,
633 687 779 795 mepen
804 673 917 753 huon
939 678 1031 774 vill,
1060 677 1107 755 ef
1124 674 1235 757 hona
1304 692 1462 769 tumen,¹
1490 678 1582 754 dum
1605 681 1685 777 ipse
1706 689 1815 776 optat
1833 690 1876 751 et
1896 670 2007 749 bonis
2026 678 2110 749 suis
2125 679 2237 778 juste

305 837 411 932 repe
433 826 481 903 til
505 804 605 902 fulla
628 823 751 932 cyris.
783 874 787 883 ·
882 892 887 899 .
1299 828 1516 928 prospicere
1534 819 1673 899 tatius
1689 837 1766 911 est,
1787 819 1907 899 libem
1923 838 2056 932 eorum
2074 819 2237 897 mmerit-

626 1012 628 1017 ·
1300 977 1434 1048 strutio
1456 969 1694 1057 conceditur.

418 1114 578 1196 Tiunda
597 1146 619 1193 a
640 1124 756 1220 mapr
774 1116 813 1194 ie
832 1117 902 1193 sitt
918 1116 957 1217 ¹)
972 1117 1018 1193 til
1037 1116 1234 1194 salo-bota
1413 1117 1525 1219 Bona
1538 1141 1630 1205 sua,
1647 1120 1862 1219 cuicunque
1874 1118 2074 1216 optauerit,
2089 1107 2144 1190 ad
2154 1119 2237 1190 ani-

303 1292 369 1344 ner
393 1264 437 1341 ef
452 1262 575 1340 haun.
591 1264 680 1340 vill.
741 1263 829 1368 Eigi
855 1293 877 1340 a
901 1262 1010 1339 boun
1035 1281 1173 1369 opteri·
1193 1280 1236 1342 at
1302 1290 1403 1340 mam
1418 1288 1529 1340 suam
1543 1265 1777 1364 expiandam
1792 1265 1983 1339 decimare
1998 1261 2142 1348 licente
2166 1261 2239 1338 sed

306 1412 447 1488 tiunda
472 1410 592 1487 hinni
619 1411 738 1487 meiri
764 1409 883 1486 tiund
905 1409 945 1487 se
967 1408 1038 1487 sitt
1060 1437 1139 1486 eun
1162 1438 1234 1487 um
1302 1416 1511 1486 necessarii
1525 1415 1588 1485 sui
1604 1402 1767 1485 heredis
1785 1435 1977 1485 consensu
1998 1406 2235 1508 posthabito,

302 1560 394 1636 sinn
415 1558 520 1666 syris
539 1568 611 1661 rap
628 1555 807 1664 scoparfa
826 1556 923 1634 sins.
1302 1561 1419 1634 unica
1438 1523 1518 1635 eice
1535 1563 1679 1659 saepius
1699 1556 1799 1632 bona
1817 1579 1890 1630 sua
1908 1554 2118 1661 majoribus
2135 1554 2238 1630 deci·

1300 1710 1373 1783 mis
1390 1705 1579 1780 decimare
1597 1728 1647 1777 ne
1665 1703 1817 1778 cuidam
1836 1702 2069 1777 conceditor.

417 1853 482 1928 Nu
502 1851 596 1925 beri·
614 1849 653 1925 fe
673 1849 796 1926 undir
813 1858 923 1952 pann
942 1874 1065 1923 mann
1084 1847 1231 1950 siparr,
1281 1812 1284 1817 Ι
1341 1820 1344 1825 ⁴
1418 1850 1562 1956 Quodsi
1585 1847 1686 1924 bona
1704 1850 1914 1924 decimanti
1928 1848 2088 1950 posthac
2106 1847 2236 1923 delata

304 2004 377 2098 epr
399 2023 473 2072 vex
497 1995 646 2070 hanom
671 1994 734 2087 fe,
767 2004 819 2097 po
842 2025 863 2071 a
888 1993 1000 2071 hann
1025 2004 1068 2071 at'
1090 1994 1231 2071 tiunda
1291 1997 1467 2095 fuerint,
1506 1997 1567 2073 uel
1589 2001 1626 2072 si
1645 1999 1812 2097 proprioe
1837 2000 1921 2099 ejus
1932 1986 2159 2103 facultates
2178 2000 2236 2067 in·

303 2167 387 2217 sem
413 2139 522 2217 hann
550 2142 635 2246 gissi
660 2168 734 2218 ena
759 2140 878 2218 meisi
902 2139 1022 2218 tiund
1046 2168 1116 2216 um
1142 2141 1233 2218 sinn
1301 2158 1496 2242 crementa
1513 2143 1702 2243 ceperint,
1726 2144 1779 2215 ita
1797 2145 2053 2216 accessorium
2071 2140 2237 2216 decimet

304 2287 349 2364 e'f
363 2288 491 2364 fillum
511 2312 659 2364 aurum
677 2288 812 2365 sinum
830 2288 943 2392 peim
960 2310 1044 2365 sem
1062 2285 1174 2365 hana
1192 2317 1232 2365 a.
1302 2305 1347 2364 ut
1365 2289 1535 2390 peridem
1560 2293 1615 2362 sit
1635 2291 1720 2363 acsi
1741 2292 1871 2383 omnia
1892 2310 1967 2361 sua
1992 2284 2117 2379 bona,
2149 2308 2235 2391 qvae

1289 2441 1454 2541 janp'am
1477 2438 1669 2537 possidet,
1698 2435 1857 2511 decimis
1883 2432 2091 2539 majoribus
2118 2439 2234 2509 unica

1300 2586 1381 2661 eice
1397 2584 1639 2660 decimasset.

416 2722 469 2806 Es
489 2739 605 2834 mopr
631 2731 740 2836 gorio
762 2730 843 2836 eigi
869 2758 944 2809 ena
968 2728 1088 2835 moiri
1113 2728 1235 2809 tiund
1416 2730 1493 2836 Qvi
1517 2729 1617 2810 bona
1642 2754 1716 2805 suc
1741 2730 1899 2805 decimis
1922 2725 2133 2834 majoribus
2156 2753 2234 2803 non

302 2874 349 2951 af
370 2875 407 2951 se
425 2878 542 2970 sino,
577 2887 628 2979 pa
654 2907 676 2953 a
702 2877 813 2952 honn
840 2894 881 2954 at
906 2876 996 2982 gesa
1020 2877 1234 2984 salogiafar
1299 2878 1484 2969 dect‘mat,
1504 2904 1576 2980 pm
1593 2881 1739 2954 animae
1757 2871 1987 2951 suoesalute
2005 2891 2114 2987 tanta
2134 2875 2235 2951 bonu

301 3019 511 3127 jafnmicla
542 3052 640 3100 aura
668 3051 750 3101 sem
782 3021 894 3099 hann
914 3014 1041 3127 'hespi
1072 3024 1235 3102 tiundat
1300 3026 1428 3131 legare
1444 3023 1578 3117 debet,
1606 3040 1748 3130 quante
1764 3047 1899 3100 omnes
1916 3047 2009 3099 suas
2012 3024 2235 3126 facultates

300 3159 1075 3272 alitfesitt*)[umsinn]*hinnimeiri
1096 3170 1230 3247 tiund.
1299 3172 1458 3248 decimis
1492 3171 1700 3277 majoribus
1737 3175 1855 3247 unica
1891 3175 1971 3246 vice
2006 3170 2233 3244 decimando

301 3319 358 3394 En
386 3327 455 3417 pm
480 3315 785 3418 erosalogiasar
810 3315 1232 3420 esmop1·gesrpeim
1299 3300 1562 3420 expendisset.
1622 3320 1701 3393 Pro
1722 3324 1866 3393 animoe
1889 3319 2015 3390 salute
2038 3316 2079 3390 id
2100 3317 2232 3391 datum

301 3472 511 3554 monnom,
540 3490 585 3537 cr
604 3464 681 3565 eigi
706 3462 857 3565 eigo-at
878 3490 1003 3566 gegna
1024 3461 1234 3567 pingfarer
1299 3490 1385 3541 esse
1403 3481 1630 3558 censeatur,
1662 3467 1761 3570 quod
1776 3471 1816 3539 in
1834 3489 1901 3539 eos
1920 3464 2145 3570 confertur,
2174 3469 2236 3568 qui

301 3610 423 3713 kaupi
436 3663 450 3701 ,
496 3629 542 3682 oc
581 3608 722 3710 pavrso
760 3607 799 3683 fe
836 3609 907 3685 sitt
943 3618 1016 3711 epr
1053 3636 1146 3687 verc
1183 3611 1233 3687 til
1300 3615 1500 3688 comitialis
1522 3615 1768 3718 profectionis
1790 3618 1953 3714 pretium
1979 3617 2234 3715 (paupertatis

301 3755 604 3859 omagabiargar
625 3774 667 3831 at
689 3753 799 3831 hasa.
1299 3766 1440 3855 causa)
1466 3762 1687 3861 expendere
1714 3787 1794 3835 non
1824 3769 2028 3849 tenentur,
2062 3777 2104 3835 et
2132 3761 2233 3835 bona

1298 3931 1372 3982 sua
1397 3934 1602 4011 operasque
1629 3915 1800 4002 (omnes)
1826 3885 2048 3984 alendorum
2073 3932 2232 3984 suorum

1299 4058 1570 4130 sustentationi
1592 4062 1783 4131 insumere
1802 4080 1960 4131 necesse
1978 4055 2138 4131 habent.

414 4194 513 4274 Gefa
534 4225 556 4272 a
576 4205 693 4300 maPr
712 4196 913 4302 vingiafar
937 4217 978 4277 at
995 4226 1059 4276 ser
1078 4200 1230 4278 lisanda
1411 4203 1650 4277 Donationes
1673 4208 1774 4278 inter
1793 4209 1893 4277 vivos
1914 4207 1955 4274 in
1975 4211 2120 4280 amr'cos
2142 4229 2235 4279 suos

300 4342 346 4420 cf
364 4342 474 4419 hano
499 4344 590 4421 vin.
649 4332 726 4429 Pet
750 4372 794 4420 er
817 4371 889 4438 oc,
920 4364 962 4422 at
983 4347 1183 4452 erfinginn
1208 4379 1231 4425 a
1298 4349 1475 4449 conferre
1491 4356 1704 4451 cuicunque
1722 4351 1882 4425 uoluerit
1904 4351 2031 4425 liceat.
2091 4349 2235 4426 Haeres

301 4491 401 4568 kosti
428 4509 509 4586 tva,
541 4491 585 4567 ef
606 4490 754 4567 honum
779 4493 925 4597 pyckir
947 4492 1058 4568 hunn
1084 4494 1131 4568 til
1156 4495 1235 4570 ars·
1296 4523 1429 4596 porto,
1459 4501 1496 4571 si
1512 4497 2008 4591 (donantemJ-hoereditntis
2026 4497 2235 4600 defrauda-

300 4658 406 4714 scoto
426 4650 538 4740 rapa,
562 4648 613 4740 pa
633 4638 844 4723 scallhann
864 4638 992 4715 steina
1013 4637 1162 4713 hanom
1185 4641 1231 4714 til
1300 4649 1437 4747 tionem
1467 4647 1664 4719 intendere
1689 4650 1867 4743 opinatus
1879 4647 2028 4747 fuerit,
2063 4670 2234 4720 unume

303 4782 642 4890 florbaugsgarps,
673 4793 748 4886 epo
775 4786 868 4862 telin
895 4783 1009 4877 honn
1026 4786 1071 4862 af
1085 4796 1232 4888 sapon·
1298 4789 1449 4865 duobus
1478 4792 1617 4894 eligere
1646 4805 1795 4892 potest,
1832 4819 1919 4867 eum
1953 4791 2013 4868 eei
2041 4790 2095 4866 ad
2124 4790 2237 4867 exilii

355 5124 386 5218 ¹)
415 5136 449 5194 B
473 5156 545 5193 cum
568 5121 636 5195 euie
657 5138 731 5197 bene
754 5144 942 5218 interponit:
971 5161 1025 5201 um
1051 5140 1119 5201 sinn
1143 5139 1231 5201 hinni
1349 5139 1377 5225 *J
1402 5144 1436 5202 B
1450 5164 1521 5210 curn
1534 5150 1602 5205 tuit
1615 5149 1751 5206 omittit.-
1775 5166 1828 5206 ιω
1843 5147 1920 5208 sitm.

405 5235 497 5296 meisi
508 5236 603 5312 tiynd,
621 5240 713 5295 semel
728 5252 854 5298 tanturn
867 5243 992 5300 decimis
1007 5241 1190 5313 majoribus.
