4522 5850
747 348 1203 437 ...emn-

24 599 129 674 roble
154 598 246 703 qood
269 627 315 674 ex
340 600 406 700 lege
432 598 619 699 Namrgica
640 598 804 700 foemina
837 623 929 697 eeqee
962 597 1099 669 tutelam
1134 596 1315 699 inpuberis
1346 599 1509 700 suscipere
1538 614 1652 703 posset
1684 630 1728 677 ac
1758 609 1928 683 masculus

30 771 60 816 v.
81 744 164 818 Seet.
190 747 232 819 de
252 745 375 820 bared.
399 774 427 820 c.
448 746 473 821 2
497 744 612 846 (apud
628 744 799 818 Pausium
817 772 856 844 p.
877 739 991 831 121),·
1019 744 1077 843 ese.
1100 742 1123 815 l.
1142 741 1252 815 Frost.
1275 741 1431 816 Haconis
1451 742 1645 822 Hacom'dis
1663 746 1709 823 P.
1728 748 1834 826 XIII
1849 782 1877 827 c.
1900 754 1924 831 9

37 886 142 991 (apud
160 889 333 963 Pausiam
361 889 411 964 II.
436 890 508 969 137
540 904 572 965 ct
593 889 703 981 179),
733 888 797 963 sed
818 914 911 962 secus
938 914 983 960 ec·
1001 891 1080 988 jure
1100 886 1288 974 Islandica‚·
1316 891 1374 987 cfr.
1397 890 1432 962 b.
1451 892 1546 966 Diss.
1569 922 1607 994 p.
1630 892 1802 968 CXXIII
1820 926 1926 999 qvon-

44 1062 127 1135 qvam
138 1035 309 1137 socmince
334 1037 402 1107 alio
426 1038 560 1109 nanu'ne
584 1064 655 1109 non
679 1037 865 1135 majanbus
880 1034 1018 1134 juribus
1030 1035 1238 1133 fruebamur
1260 1062 1305 1107 ec
1318 1037 1397 1134 jure
1415 1034 1599 1137 Nomegico
1623 1066 1724 1141 qoam
1744 1039 1923 1117 Islandica.

50 1171 224 1253 Ibsauce'tis
247 1181 289 1253 de
312 1182 420 1253 tutelae
442 1181 728 1254 administratione
747 1180 803 1253 lex
824 1179 983 1253 Hacanis
1005 1178 1193 1251 Adelstanii
1216 1180 1303 1253 nilul
1312 1182 1391 1279 sere
1417 1183 1532 1267 babet,
1561 1184 1624 1257 sed
1639 1186 1742 1285 plura
1764 1188 1821 1260 lex
1842 1186 1926 1262 Ha·

54 1326 120 1397 meis
141 1324 346 1411 anonielcs,
383 1354 456 1428 qeoe
483 1355 559 1399 cum
588 1340 702 1399 nostra
727 1325 900 1400 Islandica
927 1325 1011 1397 sotis
1037 1325 1120 1397 bene
1146 1326 1340 1399 conoem'unt
1364 1326 1410 1400 P.
1428 1325 1475 1402 Χ
1496 1358 1524 1404 c.
1545 1329 1598 1407 22
1627 1344 1659 1404 et
1684 1360 1712 1406 c.
1732 1330 1784 1407 28
1814 1332 1930 1436 (apud

55 1469 195 1545 Pmsium
224 1472 274 1547 II.
300 1470 376 1546 136
405 1470 562 1562 61138).

194 1616 298 1717 Qoad
321 1616 374 1691 ad
388 1621 462 1719 jus
487 1648 617 1692 rerum
645 1621 759 1693 attinet
784 1619 870 1693 adeo
896 1620 932 1691 in
956 1618 1138 1721 pracipuis
1163 1618 1310 1692 materis
1336 1617 1508 1722 drffimst,
1541 1636 1580 1695 ut
1604 1650 1702 1695 nemo
1716 1623 1826 1725 saecla
1852 1652 1924 1698 ere-

56 1760 106 1835 loe
123 1764 229 1864 possit
254 1765 391 1837 alterum
424 1765 580 1837 Lbrb'cem
608 1795 654 1839 ee
680 1768 781 1839 altero
809 1792 883 1868 ‹Jooe
904 1766 1103 1867 proscribat
1125 1766 1266 1865 petiisse.
1334 1763 1555 1866 Corfirantur
1575 1768 1650 1841 loca
1674 1769 1716 1843 de
1741 1770 1921 1859 venatione,

10 1891 21 2028 l,
56 1904 287 1996 telicentium,
322 1910 364 1982 de
390 1913 590 1983 successione
616 1914 662 1985 ab
691 1913 850 1985 intestato.
916 1910 1085 2012 Quatenus
1111 1912 1147 1983 in
1175 1913 1315 1985 materia
1342 1911 1384 1984 de
1411 1912 1649 1986 donationibus
1674 1916 1790 1988 mortis
1818 1943 1925 2004 eausa¹

10 2029 19 2150 i
56 2056 217 2127 mussant
240 2057 325 2128 alibi
346 2060 491 2159 exposui
513 2057 562 2147 (lt.
582 2058 678 2131 Diss.
701 2088 740 2160 p.
762 2055 959 2147 CXXIII).
1016 2056 1074 2129 De
1098 2059 1303 2130 servitutibus
1329 2056 1467 2148 (rerum)
1495 2061 1532 2131 in
1558 2060 1623 2159 lege
1651 2057 1795 2133 Gulcnsi
1817 2088 1924 2161 qaan-

10 2163 25 2280 ’,
55 2208 102 2270 tan
123 2202 228 2273 sciam
255 2202 343 2275 nrlu'l
366 2204 510 2277 occurrit.
574 2201 616 2275 In
643 2204 784 2276 materia
811 2202 853 2277 de
879 2202 1099 2276 contractibus
1126 2204 1262 2305 aliquali
1287 2204 1416 2305 qoidem
1443 2206 1569 2278 ratione
1595 2218 1734 2305 utraque
1760 2206 1817 2278 lete
1843 2234 1924 2279 can-

15 2425 20 2432 ,
56 2347 125 2430 curt,
153 2346 312 2421 sedtum
336 2350 533 2450 plemmrpuc
559 2351 622 2423 ubi
646 2350 763 2424 eadem
776 2351 855 2450 sere
882 2351 981 2421 etiam
1009 2350 1045 2421 in
1072 2350 1149 2421 aliis
1176 2350 1300 2448 lrfflbus
1325 2350 1643 2450 septemtrionalibus
1668 2351 1830 2449 leguntur,
1862 2352 1927 2427 sed

10 2487 19 2568 's
55 2489 77 2559 iu
96 2494 192 2565 nrutto
219 2494 374 2592 pluribus
405 2494 569 2599 dfierunt.
636 2495 725 2570 Inter
754 2496 829 2571 troc
855 2494 1046 2568 discrirnina
1073 2494 1160 2567 illud
1182 2497 1335 2569 maxime
1360 2496 1593 2581 memorabile,
1631 2497 1722 2597 qood
1746 2524 1822 2569 curn
1841 2500 1922 2597 jam

10 2675 14 2688 ·
55 2633 90 2707 lec
106 2637 259 2713 Gulcnsis
276 2637 433 2712 Haranis
451 2638 641 2713 Adsistenii
665 2641 779 2715 dnerte
804 2642 945 2745 renarrat
969 2641 1146 2742 adfundi
1169 2642 1419 2728 alienationem,
1448 2654 1486 2714 ut
1510 2642 1647 2714 scotatio
1665 2639 1765 2740 fieret
1791 2643 1834 2732 (o.
1853 2671 1923 2718 sec-

10 2785 15 2864 i
54 2783 142 2857 lienem
177 2785 221 2857 de
248 2786 326 2882 jure
359 2783 489 2857 odolica
525 2814 554 2859 e.
585 2785 646 2860 lb.
681 2785 743 2860 15.
778 2787 852 2874 28,
890 2788 990 2889 apud
1017 2787 1189 2860 Pausiurn
1219 2785 1251 2859 I.
1285 2787 1378 2861 220,
1408 2786 1506 2874 226)
1536 2786 1690 2889 Macesque
1715 2801 1922 2888 proeceptum

10 2991 13 3022 ,
54 2954 106 3001 cum
125 2932 159 3003 in
179 2930 419 3030 posterioribus
443 2931 568 3030 legibus
593 2933 804 3031 Norergicis,
835 2946 907 3005 tum
935 2937 971 3004 in
998 2933 1141 3032 antiqvcs
1166 2930 1304 3003 Soecicis
1330 2943 1362 3002 et
1386 2929 1533 3003 Danicis
1559 2940 1722 3011 accrescat,
1750 2930 1837 3001 nebel
1858 2934 1923 3005 tale

52 3070 237 3177 lsGrcigcis
258 3077 384 3147 sanxit.
441 3075 501 3149 Ee
526 3078 661 3151 adverso
683 3077 931 3177 occupationem
951 3077 1059 3167 fundi
1077 3078 1142 3148 sive
1163 3077 1293 3149 emtoris
1313 3077 1379 3147 sioe
1400 3073 1511 3145 caloni
1530 3075 1604 3173 igme
1626 3074 1761 3173 etfirra
1768 3075 1920 3174 saetam,

52 3248 122 3319 pam
136 3223 192 3296 lex
207 3216 346 3321 Grrigcis
354 3224 485 3320 justam
502 3223 665 3320 agnoscit,
689 3223 747 3322 csr.
761 3250 800 3323 p.
814 3219 1038 3307 CXXXVI,
1061 3222 1117 3295 leec
1133 3220 1289 3295 Gulcnsis
1305 3222 1444 3319 ignorat.
1490 3216 1614 3318 Neque
1631 3218 1779 3293 venditor
1794 3248 1839 3294 ex
1854 3221 1922 3323 lege

55 3362 163 3470 Gra'gcis
183 3369 261 3441 s’r'tia
280 3369 408 3440 occulta
430 3370 479 3440 rei
496 3368 675 3440 vendenda·
691 3370 808 3440 emtori
822 3368 968 3441 indicare
985 3367 1099 3440 debuit
1114 3369 1166 3439 uti
1180 3394 1224 3439 ex
1241 3367 1306 3466 lege
1327 3363 1483 3449 Gulcnsi,
1512 3365 1711 3437 noncinatirn
1728 3368 1843 3467 qeoad
1854 3396 1924 3443 ser·

51 3535 101 3602 m.
122 3542 219 3618 equos
239 3527 270 3588 et
285 3512 430 3615 pecudes
450 3540 565 3614 resque
573 3514 763 3612 sungibilcs
784 3542 812 3586 v.
832 3509 1065 3608 Leisingialbg
1085 3541 1114 3586 c.
1137 3514 1151 3586 1
1178 3512 1293 3612 (apud
1306 3511 1477 3583 Pausiam
1499 3507 1530 3582 I.
1556 3507 1640 3596 73),
1670 3511 1823 3585 Kioheb.
1845 3542 1874 3585 c.
1896 3518 1917 3592 7

51 3683 70 3731 e.
84 3661 118 3737 11
140 3663 200 3754 (ib.
226 3690 264 3762 p.
286 3658 337 3733 58
366 3673 398 3731 et
426 3657 506 3749 62).
577 3658 702 3757 Qoaad
724 3662 787 3759 jus
819 3685 966 3731 uxorum
1002 3659 1178 3731 emtionem
1212 3656 1428 3731 straditionem
1463 3653 1601 3727 ineundi
1632 3656 1688 3728 lex
1717 3651 1856 3757 Greigeis
1884 3660 1920 3733 in

51 3808 204 3881 miserm
231 3807 264 3877 ei
283 3805 386 3877 mado
405 3808 467 3904 jus
490 3806 603 3877 tribuit
626 3807 713 3877 intra
739 3833 869 3877 annum
895 3803 937 3876 de
962 3803 1070 3913 valore
1092 3803 1284 3875 semiuncia
1308 3800 1524 3876 contrahendi
1548 3798 1605 3896 sp.
1636 3830 1665 3875 e.
1688 3800 1733 3875 21
1760 3830 1800 3902 p.
1823 3800 1917 3893 331,

50 3979 105 4025 cun
129 3953 284 4029 Gulcnsis
311 3964 425 4024 cantra
452 3952 551 4022 ettam
579 3950 681 4023 uxori
694 3947 769 4046 filii
792 3949 899 4021 liberti
922 3948 1010 4021 idern
1029 3950 1093 4048 jus
1119 3947 1294 4034 coreceelat,
1330 3948 1467 4047 begerrui
1496 3960 1610 4021 nutem
1643 3948 1756 4019 rustici
1785 3947 1827 4020 de
1859 3976 1922 4024 ora

10 4069 181 4200 bumba
206 4098 344 4199 majoris
371 4099 404 4170 si
428 4096 569 4167 maritus
594 4095 734 4194 majoris
761 4094 955 4167 conditionis
968 4096 1093 4195 sumite
1120 4095 1189 4167 Kb.
1212 4122 1240 4167 e.
1262 4092 1285 4167 6
1309 4093 1423 4193 (apud
1440 4091 1610 4165 Pausium
1636 4092 1666 4165 l.
1696 4090 1774 4181 72).
1836 4094 1922 4195 Qooe

50 4246 201 4346 uirgulan'a
235 4244 337 4316 babet
369 4242 425 4315 lex
451 4238 622 4314 Islandica
657 4242 700 4313 dc
726 4242 804 4340 jure
837 4238 948 4313 sidua
974 4239 1115 4313 restn'eto
1133 4239 1290 4339 fundum
1317 4266 1417 4310 suurn
1445 4236 1634 4321 ali'enandi5
1670 4266 1699 4310 o.
1728 4235 1786 4333 sp.
1815 4268 1843 4313 e.
1866 4240 1912 4319 21

49 4388 216 4481 (1331),
252 4389 320 4461 Lb.
350 4388 422 4461 eu
453 4384 517 4475 (Il.
549 4384 668 4477 211),
705 4414 746 4459 ea
773 4386 829 4460 lex
857 4384 1015 4459 Gulcnsis
1040 4387 1186 4485 sperarat,
1222 4398 1260 4456 ut
1285 4384 1392 4456 multa
1415 4383 1516 4483 plura
1543 4396 1683 4455 taccam.

193 4535 267 4609 Ubi
291 4534 406 4639 qsoad
420 4535 511 4635 jun's
533 4534 657 4634 privati
677 4534 843 4633 principia
872 4545 1013 4634 utreeqee
1039 4533 1122 4631 leges
1149 4531 1340 4633 conspirant
1365 4558 1406 4603 eo
1429 4528 1625 4632 plerumque
1651 4532 1687 4601 in
1706 4532 1783 4628 jure
1807 4530 1920 4605 Islan-

48 4682 104 4755 dica
130 4683 229 4756 multo
260 4681 373 4781 reeagis
398 4679 622 4779 singularibus
647 4680 783 4751 sancitis
808 4690 887 4751 sunt
913 4680 1081 4750 enucleata
1107 4676 1217 4750 etad
1240 4676 1385 4749 diversas
1411 4702 1512 4747 casus
1537 4673 1717 4775 applicata.
1783 4672 1920 4749 Exem-

43 4828 122 4928 plum
143 4829 267 4929 ebgans
289 4826 421 4927 prabet
447 4825 538 4926 qood
560 4824 616 4897 lex
646 4818 784 4924 Grcigcis
811 4823 852 4895 de
879 4824 1072 4897 alendorum
1100 4821 1332 4895 sustentatione
1358 4818 1531 4892 luculenter
1550 4818 1751 4918 proscribit,
1784 4820 1818 4890 si
1841 4846 1919 4896 curn

44 4976 143 5072 paucis
160 4973 334 5075 praecptis
361 4969 546 5043 decadem
574 4998 608 5043 re
634 4970 669 5041 in
697 4968 763 5068 lege
792 4966 937 5041 Gulcnsi
960 4980 1174 5071 comparetur.

189 5115 316 5218 Qeoad
346 5115 526 5213 regulas
560 5116 625 5186 sive
655 5114 916 5212 paroemias
944 5114 1066 5212 juris
1096 5111 1211 5211 plures
1246 5108 1394 5209 ejusdem
1424 5105 1546 5181 indolis
1571 5106 1608 5179 ire
1634 5118 1771 5207 utruque
1800 5106 1921 5186 Codice

49 5276 209 5349 occurant,
246 5258 378 5363 orales:
414 5258 544 5359 quilibet
574 5256 695 5356 dignus
725 5270 774 5329 est
801 5257 961 5330 saitentia
984 5254 1142 5356 judiciali
1166 5253 1209 5327 de
1236 5281 1270 5327 re
1295 5282 1361 5329 sua
1388 5283 1416 5327 o.
1441 5253 1462 5324 l.
1493 5248 1575 5326 Gul.
1599 5250 1682 5325 Sect.
1711 5250 1754 5325 de
1771 5255 1803 5354 j.
1829 5254 1920 5330 adol.

1646 5426 1744 5481 82.
