<?xml version="1.0" encoding="UTF-8"?>
<!DOCTYPE html PUBLIC "-//W3C//DTD XHTML 1.0 Transitional//EN"
    "http://www.w3.org/TR/xhtml1/DTD/xhtml1-transitional.dtd">
<html xmlns="http://www.w3.org/1999/xhtml" xml:lang="en" lang="en">
 <head>
  <title>
</title>
<meta http-equiv="Content-Type" content="text/html;charset=utf-8" />
  <meta name='ocr-system' content='tesseract 3.04.00' />
  <meta name='ocr-capabilities' content='ocr_page ocr_carea ocr_par ocr_line ocrx_word'/>
</head>
<body>
  <div class='ocr_page' id='page_1' title='image "./hinfornalgbkisl00icelgoog_0060.png"; bbox 0 0 4522 5850; ppageno 0'>
   <div class='ocr_carea' id='block_1_1' title="bbox 855 335 1231 424">
    <p class='ocr_par' dir='ltr' id='par_1_1' title="bbox 855 335 1231 424">
     <span class='ocr_line' id='line_1_1' title="bbox 855 335 1231 424; baseline -0.005 -18"><span class='ocrx_word' id='word_1_1' title='bbox 855 335 1231 424; x_wconf 71' lang='grc' dir='ltr'>..ΠΧ-</span> 
     </span>
    </p>
   </div>
   <div class='ocr_carea' id='block_1_2' title="bbox 150 547 2002 1127">
    <p class='ocr_par' dir='ltr' id='par_1_2' title="bbox 150 547 2002 1127">
     <span class='ocr_line' id='line_1_2' title="bbox 150 547 2002 690; baseline 0.002 -29"><span class='ocrx_word' id='word_1_2' title='bbox 150 619 155 661; x_wconf 69' lang='lat' dir='ltr'><em>s</em></span> <span class='ocrx_word' id='word_1_3' title='bbox 184 585 469 685; x_wconf 69' lang='lat' dir='ltr'><em>seips-mepserp</em></span> <span class='ocrx_word' id='word_1_4' title='bbox 498 587 555 680; x_wconf 90' lang='lat' dir='ltr'><em>(de</em></span> <span class='ocrx_word' id='word_1_5' title='bbox 582 615 616 662; x_wconf 89' lang='lat' dir='ltr'><em>re</em></span> <span class='ocrx_word' id='word_1_6' title='bbox 643 585 807 678; x_wconf 79' lang='lat' dir='ltr'><em>rmutica).</em></span> <span class='ocrx_word' id='word_1_7' title='bbox 864 582 956 660; x_wconf 84' lang='lat' dir='ltr'><em>Hac</em></span> <span class='ocrx_word' id='word_1_8' title='bbox 981 585 1080 658; x_wconf 86' lang='lat' dir='ltr'><em>sectio</em></span> <span class='ocrx_word' id='word_1_9' title='bbox 1108 609 1154 658; x_wconf 78' lang='lat' dir='ltr'><em>ca</em></span> <span class='ocrx_word' id='word_1_10' title='bbox 1180 547 1253 658; x_wconf 82' lang='lat' dir='ltr'><em>iV</em></span> <span class='ocrx_word' id='word_1_11' title='bbox 1270 612 1371 688; x_wconf 83' lang='lat' dir='ltr'><strong><em>capp.</em></strong></span> <span class='ocrx_word' id='word_1_12' title='bbox 1400 597 1558 661; x_wconf 75' lang='lat' dir='ltr'><em>constans</em></span> <span class='ocrx_word' id='word_1_13' title='bbox 1583 584 1634 662; x_wconf 89' lang='grc' dir='ltr'><em>ΙΙ.</em></span> <span class='ocrx_word' id='word_1_14' title='bbox 1659 580 1698 690; x_wconf 92' lang='lat' dir='ltr'><em>p.</em></span> <span class='ocrx_word' id='word_1_15' title='bbox 1722 585 1900 666; x_wconf 76' lang='lat' dir='ltr'><em>39t-o07</em></span> <span class='ocrx_word' id='word_1_16' title='bbox 1931 604 2002 665; x_wconf 88' lang='lat' dir='ltr'><em>tnn-</em></span> 
     </span>
     <span class='ocr_line' id='line_1_3' title="bbox 215 734 622 811; baseline 0.017 -10"><span class='ocrx_word' id='word_1_17' title='bbox 215 755 296 806; x_wconf 78' lang='lat' dir='ltr'><em>tum</em></span> <span class='ocrx_word' id='word_1_18' title='bbox 323 736 361 806; x_wconf 89' lang='lat' dir='ltr'><em>in</em></span> <span class='ocrx_word' id='word_1_19' title='bbox 387 734 428 811; x_wconf 97' lang='grc' dir='ltr'><strong><em>Β</em></strong></span> <span class='ocrx_word' id='word_1_20' title='bbox 453 735 622 809; x_wconf 64' lang='lat' dir='ltr'><em>noeane.</em></span> 
     </span>
     <span class='ocr_line' id='line_1_4' title="bbox 169 878 762 978; baseline 0.002 -26"><span class='ocrx_word' id='word_1_21' title='bbox 169 889 232 954; x_wconf 82' lang='lat' dir='ltr'><em>cett</em></span> <span class='ocrx_word' id='word_1_22' title='bbox 249 884 386 976; x_wconf 82' lang='lat' dir='ltr'><em>Norcgs</em></span> <span class='ocrx_word' id='word_1_23' title='bbox 403 882 577 978; x_wconf 83' lang='lat' dir='ltr'><em>Konungs</em></span> <span class='ocrx_word' id='word_1_24' title='bbox 598 905 618 954; x_wconf 85' lang='lat' dir='ltr'><em>a</em></span> <span class='ocrx_word' id='word_1_25' title='bbox 635 878 762 955; x_wconf 84' lang='lat' dir='ltr'><em>Islandi</em></span> 
     </span>
     <span class='ocr_line' id='line_1_5' title="bbox 417 1019 1633 1127; baseline -0.001 -26"><span class='ocrx_word' id='word_1_26' title='bbox 417 1040 449 1101; x_wconf 88' lang='lat' dir='ltr'><em>et</em></span> <span class='ocrx_word' id='word_1_27' title='bbox 809 1054 848 1127; x_wconf 89' lang='lat' dir='ltr'><em>p.</em></span> <span class='ocrx_word' id='word_1_28' title='bbox 870 1019 1054 1102; x_wconf 74' lang='lat' dir='ltr'><strong>407-be</strong></span> <span class='ocrx_word' id='word_1_29' title='bbox 1071 1049 1142 1097; x_wconf 89' lang='lat' dir='ltr'><em>non</em></span> <span class='ocrx_word' id='word_1_30' title='bbox 1159 1023 1229 1097; x_wconf 85' lang='lat' dir='ltr'><em>m’si</em></span> <span class='ocrx_word' id='word_1_31' title='bbox 1241 1023 1278 1097; x_wconf 90' lang='lat' dir='ltr'><em>in</em></span> <span class='ocrx_word' id='word_1_32' title='bbox 1296 1021 1390 1099; x_wconf 81' lang='lat' dir='ltr'><em>Msc.</em></span> <span class='ocrx_word' id='word_1_33' title='bbox 1408 1023 1449 1100; x_wconf 94' lang='grc' dir='ltr'><strong><em>Β</em></strong></span> <span class='ocrx_word' id='word_1_34' title='bbox 1464 1025 1633 1100; x_wconf 67' lang='lat' dir='ltr'><em>ararem.</em></span> 
     </span>
    </p>
   </div>
   <div class='ocr_carea' id='block_1_3' title="bbox 162 1169 2005 1420">
    <p class='ocr_par' dir='ltr' id='par_1_3' title="bbox 162 1169 2005 1420">
     <span class='ocr_line' id='line_1_6' title="bbox 162 1169 708 1269; baseline 0.005 -26"><span class='ocrx_word' id='word_1_35' title='bbox 162 1171 225 1243; x_wconf 89' lang='lat' dir='ltr'><em>Um</em></span> <span class='ocrx_word' id='word_1_36' title='bbox 243 1180 311 1245; x_wconf 67' lang='lat' dir='ltr'><em>reti</em></span> <span class='ocrx_word' id='word_1_37' title='bbox 327 1169 524 1269; x_wconf 82' lang='lat' dir='ltr'><em>lslendinga</em></span> <span class='ocrx_word' id='word_1_38' title='bbox 541 1197 562 1245; x_wconf 83' lang='lat' dir='ltr'><em>a</em></span> <span class='ocrx_word' id='word_1_39' title='bbox 578 1172 708 1268; x_wconf 85' lang='lat' dir='ltr'><em>Noregi</em></span> 
     </span>
     <span class='ocr_line' id='line_1_7' title="bbox 254 1310 2005 1420; baseline 0.004 -30"><span class='ocrx_word' id='word_1_40' title='bbox 254 1316 344 1391; x_wconf 88' lang='lat' dir='ltr'><em>Obs.</em></span> <span class='ocrx_word' id='word_1_41' title='bbox 391 1317 502 1391; x_wconf 84' lang='lat' dir='ltr'><em>Plura</em></span> <span class='ocrx_word' id='word_1_42' title='bbox 530 1316 585 1389; x_wconf 90' lang='lat' dir='ltr'><em>ad</em></span> <span class='ocrx_word' id='word_1_43' title='bbox 607 1319 669 1417; x_wconf 81' lang='lat' dir='ltr'><em>jus</em></span> <span class='ocrx_word' id='word_1_44' title='bbox 700 1317 774 1392; x_wconf 84' lang='lat' dir='ltr'><em>ecci.</em></span> <span class='ocrx_word' id='word_1_45' title='bbox 802 1316 1000 1418; x_wconf 83' lang='lat' dir='ltr'><em>pertirrentia</em></span> <span class='ocrx_word' id='word_1_46' title='bbox 1035 1313 1120 1389; x_wconf 90' lang='lat' dir='ltr'><em>Cad.</em></span> <span class='ocrx_word' id='word_1_47' title='bbox 1141 1314 1182 1391; x_wconf 94' lang='grc' dir='ltr'><strong><em>Β</em></strong></span> <span class='ocrx_word' id='word_1_48' title='bbox 1211 1316 1247 1388; x_wconf 88' lang='lat' dir='ltr'><em>in</em></span> <span class='ocrx_word' id='word_1_49' title='bbox 1268 1310 1347 1416; x_wconf 78' lang='lat' dir='ltr'><em>fine</em></span> <span class='ocrx_word' id='word_1_50' title='bbox 1377 1315 1480 1390; x_wconf 85' lang='lat' dir='ltr'><em>babet</em></span> <span class='ocrx_word' id='word_1_51' title='bbox 1510 1343 1584 1420; x_wconf 79' lang='lat' dir='ltr'><em>qna</em></span> <span class='ocrx_word' id='word_1_52' title='bbox 1605 1319 1649 1392; x_wconf 84' lang='lat' dir='ltr'><em>A</em></span> <span class='ocrx_word' id='word_1_53' title='bbox 1678 1319 1713 1394; x_wconf 88' lang='lat' dir='ltr'><em>b.</em></span> <span class='ocrx_word' id='word_1_54' title='bbox 1737 1319 1760 1396; x_wconf 79' lang='grc' dir='ltr'><em>Ι.</em></span> <span class='ocrx_word' id='word_1_55' title='bbox 1792 1323 1914 1397; x_wconf 89' lang='lat' dir='ltr'><em>omittit</em></span> <span class='ocrx_word' id='word_1_56' title='bbox 1942 1323 2005 1396; x_wconf 89' lang='lat' dir='ltr'><em>sed</em></span> 
     </span>
    </p>
   </div>
   <div class='ocr_carea' id='block_1_4' title="bbox 385 1461 1671 1564">
    <p class='ocr_par' dir='ltr' id='par_1_4' title="bbox 385 1461 1671 1564">
     <span class='ocr_line' id='line_1_8' title="bbox 385 1461 1671 1564; baseline 0.002 -28"><span class='ocrx_word' id='word_1_57' title='bbox 385 1465 461 1563; x_wconf 83' lang='lat' dir='ltr'><em>juri</em></span> <span class='ocrx_word' id='word_1_58' title='bbox 484 1463 558 1538; x_wconf 84' lang='lat' dir='ltr'><em>ecel.</em></span> <span class='ocrx_word' id='word_1_59' title='bbox 587 1464 737 1564; x_wconf 83' lang='lat' dir='ltr'><em>q&#39;usdcm</em></span> <span class='ocrx_word' id='word_1_60' title='bbox 768 1461 902 1536; x_wconf 88' lang='lat' dir='ltr'><em>Codicis</em></span> <span class='ocrx_word' id='word_1_61' title='bbox 927 1461 1049 1536; x_wconf 86' lang='lat' dir='ltr'><em>insata</em></span> <span class='ocrx_word' id='word_1_62' title='bbox 1076 1474 1171 1550; x_wconf 79' lang='lat' dir='ltr'><em>scant,</em></span> <span class='ocrx_word' id='word_1_63' title='bbox 1201 1474 1240 1534; x_wconf 92' lang='lat' dir='ltr'><em>ut</em></span> <span class='ocrx_word' id='word_1_64' title='bbox 1257 1464 1338 1561; x_wconf 84' lang='lat' dir='ltr'><em>jam</em></span> <span class='ocrx_word' id='word_1_65' title='bbox 1365 1474 1466 1536; x_wconf 90' lang='lat' dir='ltr'><em>antea</em></span> <span class='ocrx_word' id='word_1_66' title='bbox 1493 1465 1671 1540; x_wconf 75' lang='lat' dir='ltr'><em>observavi.</em></span> 
     </span>
    </p>
   </div>
   <div class='ocr_carea' id='block_1_5' title="bbox 975 1733 1103 1831">
    <p class='ocr_par' dir='ltr' id='par_1_5' title="bbox 975 1733 1103 1831">
     <span class='ocr_line' id='line_1_9' title="bbox 975 1733 1103 1831; baseline -0.031 -15"><span class='ocrx_word' id='word_1_67' title='bbox 975 1733 1004 1831; x_wconf 70' lang='grc' dir='ltr'><em>ἓ.</em></span> <span class='ocrx_word' id='word_1_68' title='bbox 1038 1735 1103 1816; x_wconf 70' lang='lat'><em>93.</em></span> 
     </span>
    </p>
   </div>
   <div class='ocr_carea' id='block_1_6' title="bbox 150 1883 1997 2116">
    <p class='ocr_par' dir='ltr' id='par_1_6' title="bbox 150 1883 1997 2116">
     <span class='ocr_line' id='line_1_10' title="bbox 150 1883 1997 1993; baseline 0.005 -38"><span class='ocrx_word' id='word_1_69' title='bbox 150 1887 301 1971; x_wconf 70' lang='lat' dir='ltr'><em>ustio,</em></span> <span class='ocrx_word' id='word_1_70' title='bbox 342 1912 422 1987; x_wconf 78' lang='lat' dir='ltr'><em>qva</em></span> <span class='ocrx_word' id='word_1_71' title='bbox 449 1886 577 1960; x_wconf 93' lang='lat' dir='ltr'><em>modo</em></span> <span class='ocrx_word' id='word_1_72' title='bbox 606 1887 848 1960; x_wconf 78' lang='lat' dir='ltr'><em>discrimen</em></span> <span class='ocrx_word' id='word_1_73' title='bbox 874 1884 1009 1972; x_wconf 82' lang='lat' dir='ltr'><em>iilud,</em></span> <span class='ocrx_word' id='word_1_74' title='bbox 1041 1885 1159 1988; x_wconf 82' lang='lat' dir='ltr'><em>qood</em></span> <span class='ocrx_word' id='word_1_75' title='bbox 1180 1886 1297 1959; x_wconf 90' lang='lat' dir='ltr'><em>inter</em></span> <span class='ocrx_word' id='word_1_76' title='bbox 1322 1884 1432 1958; x_wconf 88' lang='lat' dir='ltr'><em>duos</em></span> <span class='ocrx_word' id='word_1_77' title='bbox 1457 1884 1535 1959; x_wconf 87' lang='lat' dir='ltr'><em>bos</em></span> <span class='ocrx_word' id='word_1_78' title='bbox 1557 1883 1997 1993; x_wconf 61' lang='lat' dir='ltr'><em>Codicefprineipcs</em></span> 
     </span>
     <span class='ocr_line' id='line_1_11' title="bbox 545 2013 1532 2116; baseline 0 -29"><span class='ocrx_word' id='word_1_79' title='bbox 545 2015 805 2101; x_wconf 86' lang='lat' dir='ltr'><em>intercedit,</em></span> <span class='ocrx_word' id='word_1_80' title='bbox 840 2013 1165 2116; x_wconf 71' lang='lat' dir='ltr'><em>explicandum</em></span> <span class='ocrx_word' id='word_1_81' title='bbox 1192 2016 1251 2088; x_wconf 89' lang='lat' dir='ltr'><em>sit</em></span> <span class='ocrx_word' id='word_1_82' title='bbox 1277 2013 1532 2087; x_wconf 79' lang='lat' dir='ltr'><em>ventilatur.</em></span> 
     </span>
    </p>
   </div>
   <div class='ocr_carea' id='block_1_7' title="bbox 150 2190 1998 4773">
    <p class='ocr_par' dir='ltr' id='par_1_7' title="bbox 150 2190 1997 2738">
     <span class='ocr_line' id='line_1_12' title="bbox 252 2190 1997 2300; baseline 0.002 -33"><span class='ocrx_word' id='word_1_83' title='bbox 252 2190 343 2266; x_wconf 81' lang='lat' dir='ltr'><em>Ccan</em></span> <span class='ocrx_word' id='word_1_84' title='bbox 377 2208 510 2268; x_wconf 89' lang='lat' dir='ltr'><em>tantum</em></span> <span class='ocrx_word' id='word_1_85' title='bbox 543 2196 627 2268; x_wconf 76' lang='lat' dir='ltr'><em>ieter</em></span> <span class='ocrx_word' id='word_1_86' title='bbox 660 2197 724 2270; x_wconf 87' lang='lat' dir='ltr'><em>bos</em></span> <span class='ocrx_word' id='word_1_87' title='bbox 757 2195 844 2269; x_wconf 93' lang='lat' dir='ltr'><em>duos</em></span> <span class='ocrx_word' id='word_1_88' title='bbox 874 2193 1012 2269; x_wconf 77' lang='lat' dir='ltr'><em>Codices</em></span> <span class='ocrx_word' id='word_1_89' title='bbox 1042 2196 1211 2300; x_wconf 72' lang='lat' dir='ltr'><em>principes</em></span> <span class='ocrx_word' id='word_1_90' title='bbox 1245 2194 1420 2268; x_wconf 67' lang='lat' dir='ltr'><em>asenam</em></span> <span class='ocrx_word' id='word_1_91' title='bbox 1446 2193 1640 2282; x_wconf 74' lang='lat' dir='ltr'><em>intercedat,</em></span> <span class='ocrx_word' id='word_1_92' title='bbox 1679 2194 1780 2299; x_wconf 87' lang='lat' dir='ltr'><em>idque</em></span> <span class='ocrx_word' id='word_1_93' title='bbox 1801 2224 1867 2299; x_wconf 89' lang='lat' dir='ltr'><em>per</em></span> <span class='ocrx_word' id='word_1_94' title='bbox 1890 2210 1997 2271; x_wconf 88' lang='lat' dir='ltr'><em>tatum</em></span> 
     </span>
     <span class='ocr_line' id='line_1_13' title="bbox 150 2335 1997 2444; baseline 0.005 -36"><span class='ocrx_word' id='word_1_95' title='bbox 150 2335 168 2405; x_wconf 68' lang='grc' dir='ltr'><em>ἵε</em></span> <span class='ocrx_word' id='word_1_96' title='bbox 200 2363 319 2440; x_wconf 84' lang='lat' dir='ltr'><em>carpus</em></span> <span class='ocrx_word' id='word_1_97' title='bbox 350 2341 530 2442; x_wconf 86' lang='lat' dir='ltr'><em>procedat,</em></span> <span class='ocrx_word' id='word_1_98' title='bbox 574 2341 660 2416; x_wconf 86' lang='lat' dir='ltr'><em>adeo</em></span> <span class='ocrx_word' id='word_1_99' title='bbox 696 2357 734 2416; x_wconf 90' lang='lat' dir='ltr'><em>ut</em></span> <span class='ocrx_word' id='word_1_100' title='bbox 767 2341 933 2415; x_wconf 89' lang='lat' dir='ltr'><em>interdum</em></span> <span class='ocrx_word' id='word_1_101' title='bbox 971 2341 1125 2416; x_wconf 81' lang='lat' dir='ltr'><em>cbcbitare</em></span> <span class='ocrx_word' id='word_1_102' title='bbox 1154 2342 1271 2444; x_wconf 90' lang='lat' dir='ltr'><em>possis</em></span> <span class='ocrx_word' id='word_1_103' title='bbox 1305 2352 1436 2425; x_wconf 79' lang='lat' dir='ltr'><em>uerwn,</em></span> <span class='ocrx_word' id='word_1_104' title='bbox 1478 2342 1690 2441; x_wconf 78' lang='lat' dir='ltr'><em>qnantumois</em></span> <span class='ocrx_word' id='word_1_105' title='bbox 1730 2343 1878 2444; x_wconf 81' lang='lat' dir='ltr'><em>ejusdam</em></span> <span class='ocrx_word' id='word_1_106' title='bbox 1919 2344 1997 2444; x_wconf 70' lang='lat' dir='ltr'><em>legis</em></span> 
     </span>
     <span class='ocr_line' id='line_1_14' title="bbox 150 2485 1997 2591; baseline 0.006 -39"><span class='ocrx_word' id='word_1_107' title='bbox 150 2507 204 2553; x_wconf 91' lang='lat' dir='ltr'><em>nen</em></span> <span class='ocrx_word' id='word_1_108' title='bbox 232 2512 310 2583; x_wconf 80' lang='lat' dir='ltr'><em>pra</em></span> <span class='ocrx_word' id='word_1_109' title='bbox 342 2514 377 2559; x_wconf 93' lang='lat' dir='ltr'><em>se</em></span> <span class='ocrx_word' id='word_1_110' title='bbox 398 2489 534 2589; x_wconf 81' lang='lat' dir='ltr'><em>serant,</em></span> <span class='ocrx_word' id='word_1_111' title='bbox 574 2515 682 2561; x_wconf 78' lang='lat' dir='ltr'><em>revera</em></span> <span class='ocrx_word' id='word_1_112' title='bbox 717 2489 857 2562; x_wconf 87' lang='lat' dir='ltr'><em>eandem</em></span> <span class='ocrx_word' id='word_1_113' title='bbox 892 2489 996 2589; x_wconf 77' lang='lat' dir='ltr'><em>legem</em></span> <span class='ocrx_word' id='word_1_114' title='bbox 1027 2488 1224 2575; x_wconf 72' lang='lat' dir='ltr'><em>exhibeant,</em></span> <span class='ocrx_word' id='word_1_115' title='bbox 1262 2515 1310 2561; x_wconf 89' lang='lat' dir='ltr'><em>an</em></span> <span class='ocrx_word' id='word_1_116' title='bbox 1332 2487 1449 2588; x_wconf 77' lang='lat' dir='ltr'><em>pateus</em></span> <span class='ocrx_word' id='word_1_117' title='bbox 1475 2485 1621 2561; x_wconf 67' lang='lat' dir='ltr'><em>cie&#39;e’ersos</em></span> <span class='ocrx_word' id='word_1_118' title='bbox 1647 2489 1883 2578; x_wconf 74' lang='lat' dir='ltr'><em>ls&#39;cetsimiles,</em></span> <span class='ocrx_word' id='word_1_119' title='bbox 1922 2515 1997 2591; x_wconf 71' lang='lat' dir='ltr'><em>qvae</em></span> 
     </span>
     <span class='ocr_line' id='line_1_15' title="bbox 150 2624 1858 2738; baseline 0.005 -39"><span class='ocrx_word' id='word_1_120' title='bbox 150 2631 245 2701; x_wconf 84' lang='lat' dir='ltr'><em>umtr&#39;o</em></span> <span class='ocrx_word' id='word_1_121' title='bbox 273 2642 482 2704; x_wconf 90' lang='lat' dir='ltr'><em>tamennon</em></span> <span class='ocrx_word' id='word_1_122' title='bbox 510 2634 646 2707; x_wconf 82' lang='lat' dir='ltr'><em>admitti</em></span> <span class='ocrx_word' id='word_1_123' title='bbox 664 2647 792 2736; x_wconf 87' lang='lat' dir='ltr'><em>potest,</em></span> <span class='ocrx_word' id='word_1_124' title='bbox 812 2624 813 2628; x_wconf 8' lang='grc' dir='ltr'><strong>Ἰ</strong></span> <span class='ocrx_word' id='word_1_125' title='bbox 830 2635 1000 2736; x_wconf 79' lang='lat' dir='ltr'><em>qecen&#39;tur,</em></span> <span class='ocrx_word' id='word_1_126' title='bbox 1038 2664 1100 2738; x_wconf 76' lang='lat' dir='ltr'><em>qvo</em></span> <span class='ocrx_word' id='word_1_127' title='bbox 1129 2634 1232 2709; x_wconf 91' lang='lat' dir='ltr'><em>modo</em></span> <span class='ocrx_word' id='word_1_128' title='bbox 1259 2635 1314 2707; x_wconf 86' lang='lat' dir='ltr'><em>bie</em></span> <span class='ocrx_word' id='word_1_129' title='bbox 1341 2632 1513 2706; x_wconf 79' lang='lat' dir='ltr'><em>dissensus</em></span> <span class='ocrx_word' id='word_1_130' title='bbox 1539 2634 1761 2734; x_wconf 72' lang='lat' dir='ltr'><em>explicandus</em></span> <span class='ocrx_word' id='word_1_131' title='bbox 1786 2637 1858 2708; x_wconf 79' lang='lat' dir='ltr'><em>sit?</em></span> 
     </span>
    </p>

    <p class='ocr_par' dir='ltr' id='par_1_8' title="bbox 150 2772 1996 3755">
     <span class='ocr_line' id='line_1_16' title="bbox 247 2772 1996 2881; baseline 0.003 -32"><span class='ocrx_word' id='word_1_132' title='bbox 247 2775 340 2850; x_wconf 87' lang='lat' dir='ltr'><em>Jam</em></span> <span class='ocrx_word' id='word_1_133' title='bbox 372 2790 502 2852; x_wconf 89' lang='lat' dir='ltr'><em>mature</em></span> <span class='ocrx_word' id='word_1_134' title='bbox 536 2779 712 2854; x_wconf 84' lang='lat' dir='ltr'><em>discn&#39;men</em></span> <span class='ocrx_word' id='word_1_135' title='bbox 745 2782 829 2854; x_wconf 87' lang='lat' dir='ltr'><em>inter</em></span> <span class='ocrx_word' id='word_1_136' title='bbox 856 2778 996 2855; x_wconf 83' lang='lat' dir='ltr'><em>Codices</em></span> <span class='ocrx_word' id='word_1_137' title='bbox 1029 2781 1275 2881; x_wconf 79' lang='lat' dir='ltr'><em>manuscnptos</em></span> <span class='ocrx_word' id='word_1_138' title='bbox 1304 2779 1384 2877; x_wconf 79' lang='lat' dir='ltr'><em>Iegis</em></span> <span class='ocrx_word' id='word_1_139' title='bbox 1414 2772 1554 2878; x_wconf 49' lang='lat' dir='ltr'><em>Graqcis</em></span> <span class='ocrx_word' id='word_1_140' title='bbox 1579 2779 1831 2854; x_wconf 73' lang='lat' dir='ltr'><em>obtinuissem</em></span> <span class='ocrx_word' id='word_1_141' title='bbox 1858 2782 1996 2854; x_wconf 77' lang='lat' dir='ltr'><em>seruans</em></span> 
     </span>
     <span class='ocr_line' id='line_1_17' title="bbox 160 2919 1995 3028; baseline 0.002 -34"><span class='ocrx_word' id='word_1_142' title='bbox 160 2919 320 2996; x_wconf 78' lang='lat' dir='ltr'><em>dicastcnb</em></span> <span class='ocrx_word' id='word_1_143' title='bbox 351 2921 637 3022; x_wconf 72' lang='lat' dir='ltr'><em>(lbgretto-Pittr)</em></span> <span class='ocrx_word' id='word_1_144' title='bbox 664 2925 709 3001; x_wconf 83' lang='grc' dir='ltr'><em>Ι.’</em></span> <span class='ocrx_word' id='word_1_145' title='bbox 720 2956 760 3028; x_wconf 94' lang='lat' dir='ltr'><em>p.</em></span> <span class='ocrx_word' id='word_1_146' title='bbox 782 2928 803 3002; x_wconf 85' lang='lat'><strong>7</strong></span> <span class='ocrx_word' id='word_1_147' title='bbox 834 2937 979 3012; x_wconf 88' lang='lat' dir='ltr'><em>constat,</em></span> <span class='ocrx_word' id='word_1_148' title='bbox 1008 2927 1072 3000; x_wconf 95' lang='lat' dir='ltr'><em>ubi</em></span> <span class='ocrx_word' id='word_1_149' title='bbox 1095 2925 1216 3025; x_wconf 80' lang='lat' dir='ltr'><em>regula</em></span> <span class='ocrx_word' id='word_1_150' title='bbox 1242 2925 1279 2997; x_wconf 90' lang='lat' dir='ltr'><em>in</em></span> <span class='ocrx_word' id='word_1_151' title='bbox 1305 2922 1369 2996; x_wconf 83' lang='lat' dir='ltr'><em>tali</em></span> <span class='ocrx_word' id='word_1_152' title='bbox 1391 2923 1545 3024; x_wconf 79' lang='lat' dir='ltr'><em>conflictu</em></span> <span class='ocrx_word' id='word_1_153' title='bbox 1567 2923 1741 3009; x_wconf 80' lang='lat' dir='ltr'><em>sananda</em></span> <span class='ocrx_word' id='word_1_154' title='bbox 1765 2923 1880 2999; x_wconf 84' lang='lat' dir='ltr'><em>diserte</em></span> <span class='ocrx_word' id='word_1_155' title='bbox 1900 2951 1995 3026; x_wconf 81' lang='lat' dir='ltr'><em>pra·</em></span> 
     </span>
     <span class='ocr_line' id='line_1_18' title="bbox 150 3064 1995 3173; baseline 0.004 -37"><span class='ocrx_word' id='word_1_156' title='bbox 150 3064 273 3140; x_wconf 71' lang='lat' dir='ltr'><em>bunnar.</em></span> <span class='ocrx_word' id='word_1_157' title='bbox 339 3070 497 3144; x_wconf 87' lang='lat' dir='ltr'><em>Pn&#39;mum</em></span> <span class='ocrx_word' id='word_1_158' title='bbox 532 3072 621 3145; x_wconf 86' lang='lat' dir='ltr'><em>euim</em></span> <span class='ocrx_word' id='word_1_159' title='bbox 654 3073 726 3173; x_wconf 81' lang='lat' dir='ltr'><em>epse</em></span> <span class='ocrx_word' id='word_1_160' title='bbox 756 3070 874 3145; x_wconf 75' lang='lat' dir='ltr'><em>Codes</em></span> <span class='ocrx_word' id='word_1_161' title='bbox 900 3070 1107 3144; x_wconf 73' lang='lat' dir='ltr'><em>audrenticus</em></span> <span class='ocrx_word' id='word_1_162' title='bbox 1133 3067 1260 3142; x_wconf 81' lang='lat' dir='ltr'><em>Haflidi</em></span> <span class='ocrx_word' id='word_1_163' title='bbox 1287 3067 1403 3142; x_wconf 84' lang='lat' dir='ltr'><strong>Mauri</strong></span> <span class='ocrx_word' id='word_1_164' title='bbox 1436 3067 1559 3167; x_wconf 84' lang='lat' dir='ltr'><em>inspici</em></span> <span class='ocrx_word' id='word_1_165' title='bbox 1589 3067 1704 3143; x_wconf 82' lang='lat' dir='ltr'><em>debuit</em></span> <span class='ocrx_word' id='word_1_166' title='bbox 1735 3071 1872 3172; x_wconf 83' lang='lat' dir='ltr'><em>q‘usque</em></span> <span class='ocrx_word' id='word_1_167' title='bbox 1900 3096 1995 3170; x_wconf 82' lang='lat' dir='ltr'><em>proe-</em></span> 
     </span>
     <span class='ocr_line' id='line_1_19' title="bbox 150 3209 1995 3320; baseline 0.003 -36"><span class='ocrx_word' id='word_1_168' title='bbox 150 3209 202 3309; x_wconf 65' lang='lat' dir='ltr'><em>pta</em></span> <span class='ocrx_word' id='word_1_169' title='bbox 227 3216 362 3300; x_wconf 78' lang='lat' dir='ltr'><em>servari,</em></span> <span class='ocrx_word' id='word_1_170' title='bbox 401 3218 469 3289; x_wconf 71' lang='lat' dir='ltr'><em>nesi</em></span> <span class='ocrx_word' id='word_1_171' title='bbox 491 3229 650 3320; x_wconf 77' lang='lat' dir='ltr'><em>qnatenus</em></span> <span class='ocrx_word' id='word_1_172' title='bbox 671 3217 911 3319; x_wconf 77' lang='lat' dir='ltr'><em>pasterion‘bus</em></span> <span class='ocrx_word' id='word_1_173' title='bbox 937 3215 1050 3290; x_wconf 80' lang='lat' dir='ltr'><em>edr’ctis</em></span> <span class='ocrx_word' id='word_1_174' title='bbox 1076 3227 1227 3310; x_wconf 87' lang='lat' dir='ltr'><em>mutatus</em></span> <span class='ocrx_word' id='word_1_175' title='bbox 1254 3228 1353 3301; x_wconf 89' lang='lat' dir='ltr'><em>esset,</em></span> <span class='ocrx_word' id='word_1_176' title='bbox 1392 3211 1469 3286; x_wconf 91' lang='lat' dir='ltr'><em>dein</em></span> <span class='ocrx_word' id='word_1_177' title='bbox 1500 3210 1639 3287; x_wconf 83' lang='lat' dir='ltr'><em>Codices</em></span> <span class='ocrx_word' id='word_1_178' title='bbox 1665 3227 1879 3318; x_wconf 89' lang='lat' dir='ltr'><em>utrorumque</em></span> <span class='ocrx_word' id='word_1_179' title='bbox 1905 3215 1995 3317; x_wconf 83' lang='lat' dir='ltr'><em>Epi-</em></span> 
     </span>
     <span class='ocr_line' id='line_1_20' title="bbox 150 3356 1995 3464; baseline 0.003 -33"><span class='ocrx_word' id='word_1_180' title='bbox 150 3381 277 3448; x_wconf 79' lang='lat' dir='ltr'><em>pomm,</em></span> <span class='ocrx_word' id='word_1_181' title='bbox 316 3360 550 3436; x_wconf 83' lang='lat' dir='ltr'><em>Scalboltensis</em></span> <span class='ocrx_word' id='word_1_182' title='bbox 577 3376 609 3436; x_wconf 89' lang='lat' dir='ltr'><em>et</em></span> <span class='ocrx_word' id='word_1_183' title='bbox 635 3360 812 3448; x_wconf 84' lang='lat' dir='ltr'><em>Holensis,</em></span> <span class='ocrx_word' id='word_1_184' title='bbox 849 3388 893 3434; x_wconf 83' lang='lat' dir='ltr'><em>es</em></span> <span class='ocrx_word' id='word_1_185' title='bbox 921 3362 1039 3464; x_wconf 81' lang='lat' dir='ltr'><em>qeibus</em></span> <span class='ocrx_word' id='word_1_186' title='bbox 1062 3373 1177 3436; x_wconf 87' lang='lat' dir='ltr'><em>tamen</em></span> <span class='ocrx_word' id='word_1_187' title='bbox 1204 3359 1257 3434; x_wconf 82' lang='lat' dir='ltr'><em>ille</em></span> <span class='ocrx_word' id='word_1_188' title='bbox 1283 3356 1515 3461; x_wconf 72' lang='lat' dir='ltr'><em>praeferendus</em></span> <span class='ocrx_word' id='word_1_189' title='bbox 1543 3361 1600 3461; x_wconf 80' lang='lat' dir='ltr'><em>qai</em></span> <span class='ocrx_word' id='word_1_190' title='bbox 1624 3362 1821 3463; x_wconf 73' lang='lat' dir='ltr'><em>amphorem</em></span> <span class='ocrx_word' id='word_1_191' title='bbox 1852 3374 1883 3435; x_wconf 92' lang='lat' dir='ltr'><em>et</em></span> <span class='ocrx_word' id='word_1_192' title='bbox 1906 3388 1995 3463; x_wconf 84' lang='lat' dir='ltr'><em>pro·</em></span> 
     </span>
     <span class='ocr_line' id='line_1_21' title="bbox 150 3500 1995 3611; baseline 0.002 -34"><span class='ocrx_word' id='word_1_193' title='bbox 150 3500 232 3577; x_wconf 80' lang='lat' dir='ltr'><em>orem</em></span> <span class='ocrx_word' id='word_1_194' title='bbox 258 3519 388 3580; x_wconf 79' lang='lat' dir='ltr'><em>textum</em></span> <span class='ocrx_word' id='word_1_195' title='bbox 416 3509 551 3595; x_wconf 89' lang='lat' dir='ltr'><em>sisteret,</em></span> <span class='ocrx_word' id='word_1_196' title='bbox 580 3508 645 3582; x_wconf 89' lang='lat' dir='ltr'><em>sed</em></span> <span class='ocrx_word' id='word_1_197' title='bbox 666 3511 700 3582; x_wconf 87' lang='lat' dir='ltr'><em>si</em></span> <span class='ocrx_word' id='word_1_198' title='bbox 722 3508 908 3583; x_wconf 89' lang='lat' dir='ltr'><em>sanctiones</em></span> <span class='ocrx_word' id='word_1_199' title='bbox 935 3533 1026 3610; x_wconf 80' lang='lat' dir='ltr'><em>seqre</em></span> <span class='ocrx_word' id='word_1_200' title='bbox 1051 3507 1190 3611; x_wconf 84' lang='lat' dir='ltr'><em>amplas</em></span> <span class='ocrx_word' id='word_1_201' title='bbox 1217 3507 1430 3593; x_wconf 80' lang='lat' dir='ltr'><em>conticerent,</em></span> <span class='ocrx_word' id='word_1_202' title='bbox 1464 3503 1620 3579; x_wconf 76' lang='lat' dir='ltr'><em>Codnm</em></span> <span class='ocrx_word' id='word_1_203' title='bbox 1638 3505 1896 3582; x_wconf 82' lang='lat' dir='ltr'><em>Scalboltcnsc&#39;m</em></span> <span class='ocrx_word' id='word_1_204' title='bbox 1914 3506 1995 3582; x_wconf 85' lang='lat' dir='ltr'><em>Ha-</em></span> 
     </span>
     <span class='ocr_line' id='line_1_22' title="bbox 150 3645 663 3755; baseline 0.018 -35"><span class='ocrx_word' id='word_1_205' title='bbox 150 3652 168 3720; x_wconf 74' lang='lat' dir='ltr'><em>s·</em></span> <span class='ocrx_word' id='word_1_206' title='bbox 190 3667 265 3726; x_wconf 87' lang='lat' dir='ltr'><em>ante</em></span> <span class='ocrx_word' id='word_1_207' title='bbox 287 3655 485 3753; x_wconf 89' lang='lat' dir='ltr'><em>ponendum</em></span> <span class='ocrx_word' id='word_1_208' title='bbox 505 3656 605 3755; x_wconf 79' lang='lat' dir='ltr'><em>jubet</em></span> <span class='ocrx_word' id='word_1_209' title='bbox 619 3645 663 3746; x_wconf 73' lang='lat'><em>&#39;).</em></span> 
     </span>
    </p>

    <p class='ocr_par' dir='ltr' id='par_1_9' title="bbox 150 3793 1998 4773">
     <span class='ocr_line' id='line_1_23' title="bbox 247 3793 1994 3904; baseline 0.001 -34"><span class='ocrx_word' id='word_1_210' title='bbox 247 3798 308 3871; x_wconf 80' lang='lat' dir='ltr'><em>Ex</em></span> <span class='ocrx_word' id='word_1_211' title='bbox 334 3799 401 3871; x_wconf 90' lang='lat' dir='ltr'><em>bac</em></span> <span class='ocrx_word' id='word_1_212' title='bbox 427 3802 595 3874; x_wconf 89' lang='lat' dir='ltr'><em>sanctione</em></span> <span class='ocrx_word' id='word_1_213' title='bbox 622 3801 807 3903; x_wconf 63' lang='lat' dir='ltr'><em>intebiqitur</em></span> <span class='ocrx_word' id='word_1_214' title='bbox 830 3796 1020 3904; x_wconf 74' lang='lat' dir='ltr'><em>respublica</em></span> <span class='ocrx_word' id='word_1_215' title='bbox 1038 3797 1218 3873; x_wconf 84' lang='lat' dir='ltr'><em>Islandicoe</em></span> <span class='ocrx_word' id='word_1_216' title='bbox 1245 3798 1324 3871; x_wconf 76' lang='lat' dir='ltr'><em>inde</em></span> <span class='ocrx_word' id='word_1_217' title='bbox 1350 3826 1375 3872; x_wconf 91' lang='lat' dir='ltr'><em>a</em></span> <span class='ocrx_word' id='word_1_218' title='bbox 1397 3799 1520 3901; x_wconf 86' lang='lat' dir='ltr'><em>pn&#39;mis</em></span> <span class='ocrx_word' id='word_1_219' title='bbox 1546 3799 1649 3900; x_wconf 82' lang='lat' dir='ltr'><em>bajus</em></span> <span class='ocrx_word' id='word_1_220' title='bbox 1674 3793 1884 3900; x_wconf 57' lang='lat' dir='ltr'><em>bqn‘sbationcs</em></span> <span class='ocrx_word' id='word_1_221' title='bbox 1910 3813 1994 3879; x_wconf 86' lang='lat' dir='ltr'><em>tem-</em></span> 
     </span>
     <span class='ocr_line' id='line_1_24' title="bbox 150 3938 1998 4049; baseline 0.002 -36"><span class='ocrx_word' id='word_1_222' title='bbox 150 3943 217 4016; x_wconf 84' lang='lat' dir='ltr'><em>ibus</em></span> <span class='ocrx_word' id='word_1_223' title='bbox 252 3972 343 4017; x_wconf 84' lang='lat' dir='ltr'><em>cura</em></span> <span class='ocrx_word' id='word_1_224' title='bbox 365 3945 497 4046; x_wconf 76' lang='lat' dir='ltr'><em>ficisse,</em></span> <span class='ocrx_word' id='word_1_225' title='bbox 536 3960 574 4020; x_wconf 91' lang='lat' dir='ltr'><em>ut</em></span> <span class='ocrx_word' id='word_1_226' title='bbox 605 3949 761 4049; x_wconf 77' lang='lat' dir='ltr'><em>exempla</em></span> <span class='ocrx_word' id='word_1_227' title='bbox 795 3946 984 4021; x_wconf 76' lang='lat' dir='ltr'><em>authentica</em></span> <span class='ocrx_word' id='word_1_228' title='bbox 1018 3945 1096 4044; x_wconf 69' lang='lat' dir='ltr'><em>leges</em></span> <span class='ocrx_word' id='word_1_229' title='bbox 1126 3938 1265 4045; x_wconf 78' lang='lat' dir='ltr'><em>Grcigeis</em></span> <span class='ocrx_word' id='word_1_230' title='bbox 1299 3945 1336 4017; x_wconf 91' lang='lat' dir='ltr'><em>in</em></span> <span class='ocrx_word' id='word_1_231' title='bbox 1362 3945 1445 4018; x_wconf 67' lang='lat' dir='ltr'><em>aas</em></span> <span class='ocrx_word' id='word_1_232' title='bbox 1466 3945 1615 4046; x_wconf 83' lang='lat' dir='ltr'><em>publicis</em></span> <span class='ocrx_word' id='word_1_233' title='bbox 1641 3943 1907 4030; x_wconf 78' lang='lat' dir='ltr'><em>adservomntur,</em></span> <span class='ocrx_word' id='word_1_234' title='bbox 1945 3943 1998 4016; x_wconf 89' lang='lat' dir='ltr'><em>ad</em></span> 
     </span>
     <span class='ocr_line' id='line_1_25' title="bbox 150 4066 1993 4194; baseline 0.004 -39"><span class='ocrx_word' id='word_1_235' title='bbox 150 4113 172 4173; x_wconf 78' lang='lat' dir='ltr'><em>e,</em></span> <span class='ocrx_word' id='word_1_236' title='bbox 199 4091 232 4162; x_wconf 87' lang='lat' dir='ltr'><em>si</em></span> <span class='ocrx_word' id='word_1_237' title='bbox 257 4089 399 4164; x_wconf 90' lang='lat' dir='ltr'><em>dubium</em></span> <span class='ocrx_word' id='word_1_238' title='bbox 428 4090 469 4163; x_wconf 89' lang='lat' dir='ltr'><em>dc</em></span> <span class='ocrx_word' id='word_1_239' title='bbox 495 4093 579 4193; x_wconf 90' lang='lat' dir='ltr'><em>ipsis</em></span> <span class='ocrx_word' id='word_1_240' title='bbox 604 4093 684 4193; x_wconf 80' lang='lat' dir='ltr'><em>legis</em></span> <span class='ocrx_word' id='word_1_241' title='bbox 710 4094 815 4167; x_wconf 76' lang='lat' dir='ltr'><em>serbis</em></span> <span class='ocrx_word' id='word_1_242' title='bbox 841 4093 992 4177; x_wconf 86' lang='lat' dir='ltr'><em>oriretur,</em></span> <span class='ocrx_word' id='word_1_243' title='bbox 1020 4101 1092 4162; x_wconf 86' lang='lat' dir='ltr'><em>tuto</em></span> <span class='ocrx_word' id='word_1_244' title='bbox 1115 4116 1273 4163; x_wconf 89' lang='lat' dir='ltr'><em>recurrere</em></span> <span class='ocrx_word' id='word_1_245' title='bbox 1295 4090 1437 4192; x_wconf 82' lang='lat' dir='ltr'><em>possint.</em></span> <span class='ocrx_word' id='word_1_246' title='bbox 1494 4090 1725 4194; x_wconf 87' lang='lat' dir='ltr'><em>Arcbitypum</em></span> <span class='ocrx_word' id='word_1_247' title='bbox 1749 4066 1909 4163; x_wconf 82' lang='lat' dir='ltr'><em>crederem</em></span> <span class='ocrx_word' id='word_1_248' title='bbox 1929 4117 1993 4163; x_wconf 86' lang='lat' dir='ltr'><em>no-</em></span> 
     </span>
     <span class='ocr_line' id='line_1_26' title="bbox 150 4219 1993 4338; baseline 0 -30"><span class='ocrx_word' id='word_1_249' title='bbox 150 4235 293 4337; x_wconf 85' lang='lat' dir='ltr'><em>obylaci,</em></span> <span class='ocrx_word' id='word_1_250' title='bbox 331 4249 369 4310; x_wconf 84' lang='lat' dir='ltr'><em>ut</em></span> <span class='ocrx_word' id='word_1_251' title='bbox 393 4265 529 4310; x_wconf 89' lang='lat' dir='ltr'><em>summo</em></span> <span class='ocrx_word' id='word_1_252' title='bbox 556 4239 676 4313; x_wconf 74' lang='lat' dir='ltr'><em>issula</em></span> <span class='ocrx_word' id='word_1_253' title='bbox 702 4235 928 4338; x_wconf 56' lang='lat' dir='ltr'><em>magestrabei,</em></span> <span class='ocrx_word' id='word_1_254' title='bbox 956 4219 998 4308; x_wconf 34' lang='lat' dir='ltr'><em>&#39;vi</em></span> <span class='ocrx_word' id='word_1_255' title='bbox 1021 4237 1170 4309; x_wconf 90' lang='lat' dir='ltr'><em>muneris</em></span> <span class='ocrx_word' id='word_1_256' title='bbox 1182 4235 1298 4337; x_wconf 83' lang='lat' dir='ltr'><em>fuisse</em></span> <span class='ocrx_word' id='word_1_257' title='bbox 1325 4236 1563 4321; x_wconf 87' lang='lat' dir='ltr'><em>commissum,</em></span> <span class='ocrx_word' id='word_1_258' title='bbox 1599 4248 1639 4308; x_wconf 87' lang='lat' dir='ltr'><em>ut</em></span> <span class='ocrx_word' id='word_1_259' title='bbox 1664 4233 1834 4308; x_wconf 77' lang='lat' dir='ltr'><em>dr&#39;scedms</em></span> <span class='ocrx_word' id='word_1_260' title='bbox 1859 4262 1993 4309; x_wconf 90' lang='lat' dir='ltr'><em>succes-</em></span> 
     </span>
     <span class='ocr_line' id='line_1_27' title="bbox 150 4377 1992 4484; baseline 0 -31"><span class='ocrx_word' id='word_1_261' title='bbox 150 4380 203 4454; x_wconf 77' lang='lat' dir='ltr'><em>2&#39;et</em></span> <span class='ocrx_word' id='word_1_262' title='bbox 229 4383 278 4453; x_wconf 87' lang='lat' dir='ltr'><em>sic</em></span> <span class='ocrx_word' id='word_1_263' title='bbox 301 4408 402 4481; x_wconf 84' lang='lat' dir='ltr'><em>porro</em></span> <span class='ocrx_word' id='word_1_264' title='bbox 430 4382 570 4455; x_wconf 75' lang='lat' dir='ltr'><em>eadem</em></span> <span class='ocrx_word' id='word_1_265' title='bbox 595 4381 865 4468; x_wconf 70' lang='lat' dir='ltr'><em>nntadcendum,</em></span> <span class='ocrx_word' id='word_1_266' title='bbox 901 4395 934 4455; x_wconf 89' lang='lat' dir='ltr'><em>et</em></span> <span class='ocrx_word' id='word_1_267' title='bbox 958 4381 1087 4484; x_wconf 85' lang='lat' dir='ltr'><em>utrique</em></span> <span class='ocrx_word' id='word_1_268' title='bbox 1113 4378 1285 4481; x_wconf 83' lang='lat' dir='ltr'><em>Episcopo</em></span> <span class='ocrx_word' id='word_1_269' title='bbox 1312 4377 1381 4452; x_wconf 88' lang='lat' dir='ltr'><em>duo</em></span> <span class='ocrx_word' id='word_1_270' title='bbox 1409 4384 1640 4481; x_wconf 85' lang='lat' dir='ltr'><em>transsumpta</em></span> <span class='ocrx_word' id='word_1_271' title='bbox 1668 4379 1874 4467; x_wconf 77' lang='lat' dir='ltr'><em>authentica,</em></span> <span class='ocrx_word' id='word_1_272' title='bbox 1896 4383 1992 4481; x_wconf 81' lang='lat' dir='ltr'><em>sorte</em></span> 
     </span>
     <span class='ocr_line' id='line_1_28' title="bbox 150 4523 1991 4630; baseline 0.002 -37"><span class='ocrx_word' id='word_1_273' title='bbox 150 4554 214 4599; x_wconf 82' lang='lat' dir='ltr'><em>rum</em></span> <span class='ocrx_word' id='word_1_274' title='bbox 249 4554 320 4600; x_wconf 81' lang='lat' dir='ltr'><em>aro</em></span> <span class='ocrx_word' id='word_1_275' title='bbox 352 4524 570 4614; x_wconf 86' lang='lat' dir='ltr'><em>Gudmcmdi‚</em></span> <span class='ocrx_word' id='word_1_276' title='bbox 611 4529 728 4630; x_wconf 79' lang='lat' dir='ltr'><em>qnippe</em></span> <span class='ocrx_word' id='word_1_277' title='bbox 755 4555 818 4629; x_wconf 77' lang='lat' dir='ltr'><em>qao</em></span> <span class='ocrx_word' id='word_1_278' title='bbox 850 4525 968 4601; x_wconf 76' lang='lat' dir='ltr'><em>Codex</em></span> <span class='ocrx_word' id='word_1_279' title='bbox 994 4526 1200 4610; x_wconf 71' lang='lat' dir='ltr'><em>mederetur,</em></span> <span class='ocrx_word' id='word_1_280' title='bbox 1237 4523 1406 4598; x_wconf 85' lang='lat' dir='ltr'><em>mandata</em></span> <span class='ocrx_word' id='word_1_281' title='bbox 1429 4525 1544 4627; x_wconf 79' lang='lat' dir='ltr'><em>fuisse</em></span> <span class='ocrx_word' id='word_1_282' title='bbox 1578 4526 1614 4598; x_wconf 90' lang='lat' dir='ltr'><em>in</em></span> <span class='ocrx_word' id='word_1_283' title='bbox 1647 4527 1734 4599; x_wconf 89' lang='lat' dir='ltr'><em>arcis</em></span> <span class='ocrx_word' id='word_1_284' title='bbox 1759 4527 1901 4598; x_wconf 84' lang='lat' dir='ltr'><em>ecclesia</em></span> <span class='ocrx_word' id='word_1_285' title='bbox 1928 4553 1991 4597; x_wconf 94' lang='lat' dir='ltr'><em>ca-</em></span> 
     </span>
     <span class='ocr_line' id='line_1_29' title="bbox 150 4667 1993 4773; baseline 0.002 -34"><span class='ocrx_word' id='word_1_286' title='bbox 150 4671 252 4758; x_wconf 80' lang='lat' dir='ltr'><em>Irolrs,</em></span> <span class='ocrx_word' id='word_1_287' title='bbox 284 4685 322 4744; x_wconf 94' lang='lat' dir='ltr'><em>ut</em></span> <span class='ocrx_word' id='word_1_288' title='bbox 346 4684 419 4743; x_wconf 92' lang='lat' dir='ltr'><em>tum</em></span> <span class='ocrx_word' id='word_1_289' title='bbox 446 4673 549 4745; x_wconf 87' lang='lat' dir='ltr'><em>moris</em></span> <span class='ocrx_word' id='word_1_290' title='bbox 575 4686 662 4758; x_wconf 90' lang='lat' dir='ltr'><em>erat,</em></span> <span class='ocrx_word' id='word_1_291' title='bbox 692 4672 895 4745; x_wconf 81' lang='lat' dir='ltr'><em>asservando</em></span> <span class='ocrx_word' id='word_1_292' title='bbox 918 4672 1060 4773; x_wconf 84' lang='lat' dir='ltr'><em>indeque</em></span> <span class='ocrx_word' id='word_1_293' title='bbox 1084 4698 1154 4742; x_wconf 91' lang='lat' dir='ltr'><em>non</em></span> <span class='ocrx_word' id='word_1_294' title='bbox 1180 4670 1248 4743; x_wconf 88' lang='lat' dir='ltr'><em>nisi</em></span> <span class='ocrx_word' id='word_1_295' title='bbox 1271 4669 1324 4742; x_wconf 90' lang='lat' dir='ltr'><em>ad</em></span> <span class='ocrx_word' id='word_1_296' title='bbox 1343 4670 1499 4770; x_wconf 89' lang='lat' dir='ltr'><em>publicos</em></span> <span class='ocrx_word' id='word_1_297' title='bbox 1523 4697 1606 4742; x_wconf 86' lang='lat' dir='ltr'><em>usus</em></span> <span class='ocrx_word' id='word_1_298' title='bbox 1629 4668 1864 4769; x_wconf 81' lang='lat' dir='ltr'><em>depromenda.</em></span> <span class='ocrx_word' id='word_1_299' title='bbox 1922 4667 1993 4742; x_wconf 88' lang='lat' dir='ltr'><em>His</em></span> 
     </span>
    </p>
   </div>
   <div class='ocr_carea' id='block_1_8' title="bbox 150 4813 1992 4918">
    <p class='ocr_par' dir='ltr' id='par_1_10' title="bbox 150 4813 1992 4918">
     <span class='ocr_line' id='line_1_30' title="bbox 150 4813 1992 4918; baseline -0.002 -26"><span class='ocrx_word' id='word_1_300' title='bbox 150 4819 263 4894; x_wconf 63' lang='lat' dir='ltr'><em>otiores</em></span> <span class='ocrx_word' id='word_1_301' title='bbox 297 4815 571 4890; x_wconf 86' lang='lat' dir='ltr'><em>adscnbebantur</em></span> <span class='ocrx_word' id='word_1_302' title='bbox 601 4815 708 4918; x_wconf 83' lang='lat' dir='ltr'><em>(qood</em></span> <span class='ocrx_word' id='word_1_303' title='bbox 735 4817 849 4917; x_wconf 88' lang='lat' dir='ltr'><em>ipsum</em></span> <span class='ocrx_word' id='word_1_304' title='bbox 879 4829 1040 4890; x_wconf 86' lang='lat' dir='ltr'><em>statutum</em></span> <span class='ocrx_word' id='word_1_305' title='bbox 1071 4813 1195 4904; x_wconf 65' lang='lat' dir='ltr'><em>canuit)</em></span> <span class='ocrx_word' id='word_1_306' title='bbox 1229 4814 1315 4913; x_wconf 79' lang='lat' dir='ltr'><em>leges</em></span> <span class='ocrx_word' id='word_1_307' title='bbox 1342 4814 1522 4886; x_wconf 81' lang='lat' dir='ltr'><em>comitiales</em></span> <span class='ocrx_word' id='word_1_308' title='bbox 1546 4838 1701 4886; x_wconf 88' lang='lat' dir='ltr'><em>successu</em></span> <span class='ocrx_word' id='word_1_309' title='bbox 1726 4815 1884 4914; x_wconf 89' lang='lat' dir='ltr'><em>temporis</em></span> <span class='ocrx_word' id='word_1_310' title='bbox 1910 4841 1992 4888; x_wconf 93' lang='lat' dir='ltr'><em>con·</em></span> 
     </span>
    </p>
   </div>
   <div class='ocr_carea' id='block_1_9' title="bbox 162 5141 2154 5237">
    <p class='ocr_par' dir='ltr' id='par_1_11' title="bbox 162 5141 2154 5237">
     <span class='ocr_line' id='line_1_31' title="bbox 162 5141 2154 5237; baseline -0.003 -26"><span class='ocrx_word' id='word_1_311' title='bbox 162 5155 193 5222; x_wconf 74' lang='lat'><em>⁸)</em></span> <span class='ocrx_word' id='word_1_312' title='bbox 225 5154 324 5211; x_wconf 86' lang='lat' dir='ltr'><em>Hane</em></span> <span class='ocrx_word' id='word_1_313' title='bbox 353 5169 417 5210; x_wconf 80' lang='lat' dir='ltr'><em>esse</em></span> <span class='ocrx_word' id='word_1_314' title='bbox 448 5162 577 5210; x_wconf 82' lang='lat' dir='ltr'><em>mantem</em></span> <span class='ocrx_word' id='word_1_315' title='bbox 607 5149 780 5209; x_wconf 85' lang='lat' dir='ltr'><em>sanctionis</em></span> <span class='ocrx_word' id='word_1_316' title='bbox 805 5146 949 5237; x_wconf 66' lang='lat' dir='ltr'><em>laudata</em></span> <span class='ocrx_word' id='word_1_317' title='bbox 974 5144 1174 5216; x_wconf 84' lang='lat' dir='ltr'><em>crediderim,</em></span> <span class='ocrx_word' id='word_1_318' title='bbox 1207 5162 1384 5224; x_wconf 78' lang='lat' dir='ltr'><em>qvanqvam</em></span> <span class='ocrx_word' id='word_1_319' title='bbox 1408 5142 1502 5206; x_wconf 75' lang='lat' dir='ltr'><em>verba</em></span> <span class='ocrx_word' id='word_1_320' title='bbox 1528 5143 1607 5224; x_wconf 70' lang='lat' dir='ltr'><em>tegis</em></span> <span class='ocrx_word' id='word_1_321' title='bbox 1632 5141 1689 5204; x_wconf 83' lang='lat' dir='ltr'><em>bos</em></span> <span class='ocrx_word' id='word_1_322' title='bbox 1713 5146 1779 5206; x_wconf 82' lang='lat' dir='ltr'><em>iaso</em></span> <span class='ocrx_word' id='word_1_323' title='bbox 1805 5146 1912 5229; x_wconf 74' lang='lat' dir='ltr'><em>aliqua</em></span> <span class='ocrx_word' id='word_1_324' title='bbox 1937 5145 1993 5205; x_wconf 89' lang='lat' dir='ltr'><em>ab·</em></span> <span class='ocrx_word' id='word_1_325' title='bbox 2150 5207 2154 5221; x_wconf 58' lang='lat'>‚</span> 
     </span>
    </p>
   </div>
   <div class='ocr_carea' id='block_1_10' title="bbox 215 5247 537 5312">
    <p class='ocr_par' dir='ltr' id='par_1_12' title="bbox 215 5247 537 5312">
     <span class='ocr_line' id='line_1_32' title="bbox 215 5247 537 5312; baseline -0.012 -1"><span class='ocrx_word' id='word_1_326' title='bbox 215 5255 365 5312; x_wconf 76' lang='lat' dir='ltr'><em>raucitate</em></span> <span class='ocrx_word' id='word_1_327' title='bbox 391 5247 537 5309; x_wconf 82' lang='lat' dir='ltr'><em>laborent.</em></span> 
     </span>
    </p>
   </div>
   <div class='ocr_carea' id='block_1_11' title="bbox 1689 5385 1766 5474">
    <p class='ocr_par' dir='ltr' id='par_1_13' title="bbox 1689 5385 1766 5474">
     <span class='ocr_line' id='line_1_33' title="bbox 1689 5385 1766 5474; baseline 0.013 -1"><span class='ocrx_word' id='word_1_328' title='bbox 1689 5385 1766 5474; x_wconf 76' lang='lat' dir='ltr'><em>ha</em></span> 
     </span>
    </p>
   </div>
   <div class='ocr_carea' id='block_1_12' title="bbox 0 0 2266 5845">
    <p class='ocr_par' dir='ltr' id='par_1_14' title="bbox 0 0 2266 5845">
     <span class='ocr_line' id='line_1_34' title="bbox 0 0 2266 5845; baseline 0 0"><span class='ocrx_word' id='word_1_329' title='bbox 0 0 2266 5845; x_wconf 95' lang='lat' dir='ltr'><em> </em></span> 
     </span>
    </p>
   </div>
  </div>
 </body>
</html>
