4522 5850
876 477 944 499 --
1012 427 1208 518 CXXIII
1275 474 1343 500 -··

317 678 391 755 Sub
426 667 574 782 generali
606 707 710 757 eoce-
710 675 893 776 ’'OmagI”
922 705 992 754 non
1019 677 1131 754 solum
1158 661 1266 781 egeni,
1302 675 1420 750 sedet
1445 661 1633 780 impuberes
1660 678 1778 784 oleique
1804 680 1993 786 qntuteloe
2020 711 2064 760 ec
2142 706 2144 711 ’

2162 816 2183 854 21

150 823 417 902 urelslandico
446 829 622 914 suberant,
661 828 874 902 continentur.

313 973 405 1049 Ad
401 1002 542 1048 annum
570 1002 676 1077 usque
702 973 938 1048 duodecimum
964 947 1138 1048 masculus
1164 969 1301 1044 nuda
1277 998 1361 1070 pura
1388 971 1458 1073 ipsc
1484 971 1673 1060 exercebat,
1706 971 1771 1047 sed
1794 1001 1872 1049 sum
1898 972 1952 1051 ad
1974 975 2065 1053 bane

150 1132 280 1197 utatan
308 1123 507 1224 peruenisset
540 1149 609 1195 non
641 1121 739 1222 plene
774 1121 930 1222 impubes
963 1119 1165 1193 censebatur.
1229 1114 1325 1191 Hinc
1358 1117 1535 1191 duodea'm
1562 1145 1673 1193 annos
1699 1132 1801 1194 natus
1827 1123 1915 1197 testis
1940 1122 2064 1199 babebis

150 1266 272 1366 leffl'bus
297 1266 500 1354 declaratur,
531 1264 637 1362 Vigsl.
667 1295 695 1339 c.
720 1265 767 1341 15
799 1265 864 1356 (ΙΙ.
895 1265 982 1355 00),
1015 1291 1170 1338 necnon
1198 1264 1270 1337 loco
1297 1264 1410 1337 coloni
1429 1265 1593 1367 praediati
1616 1269 1742 1341 euocati
1767 1266 1900 1367 (qvidr)
1926 1297 2063 1347 munere

150 1411 182 1486 in
206 1415 349 1487 commis
362 1415 475 1514 sangi
494 1426 641 1516 poterat,
669 1409 777 1508 Vigsl.
807 1441 835 1485 c.
857 1412 905 1490 97
938 1410 1004 1504 (ΙΙ.
1031 1407 1094 1486 05.
1121 1407 1205 1500 bb),
1236 1410 1314 1513 qee'rs
1341 1424 1374 1484 et
1387 1409 1468 1512 filio
1495 1412 1598 1513 bujus
1625 1414 1734 1489 (etates
1759 1416 1924 1489 octennem
1950 1418 2063 1495 leomi-

153 1558 227 1635 a‘dii
251 1559 411 1633 adsersus
437 1564 548 1661 patris
575 1562 751 1635 occisorem
779 1561 943 1634 instituere
972 1559 1078 1644 licuit,
1114 1559 1147 1630 si
1171 1570 1265 1630 octor
1284 1568 1366 1660 post
1391 1557 1482 1632 bunc
1504 1561 1663 1661 proxime
1691 1575 1878 1664 competens
1905 1590 1982 1636 eum
2009 1544 2065 1640 sat

158 1730 274 1804 mopso
298 1705 482 1807 prudentia
508 1707 694 1809 preditum
722 1704 892 1806 judicaret
921 1718 959 1777 ut
987 1705 1066 1777 talis
1097 1705 1182 1777 acteo
1213 1705 1246 1777 ei
1274 1705 1436 1778 committi
1454 1709 1580 1809 possit;
1613 1705 1721 1803 Vigsl.
1750 1737 1778 1782 c.
1801 1707 1851 1782 35
1882 1708 1947 1801 (Π.
1980 1709 2060 1806 68).

160 1849 267 1931 Mores
292 1879 370 1925 cum
398 1852 601 1926 sedecimum
629 1880 760 1925 annum
774 1840 808 1942 *)
836 1852 1063 1954 compleveris!
1084 1852 1183 1953 plene
1206 1850 1350 1952 puberes
1376 1864 1409 1924 ct
1433 1854 1491 1925 sui
1507 1855 1597 1954 juris
1613 1850 1771 1954 fiebant,·
1798 1856 1868 1952 ΑΡ.
1890 1885 1919 1931 c.
1939 1858 1989 1933 10
2014 1858 2059 1953 (Ι.

168 1995 228 2073 191
248 1995 307 2086 ss.)
363 1996 459 2070 Hinc
485 1999 546 2071 siri
568 2000 671 2100 bajus
698 1999 806 2073 atatis
833 1999 902 2100 epsi
925 1999 1151 2073 barede'tatcm
1178 1999 1324 2072 adibant
1349 2011 1380 2071 et
1406 1999 1690 2123 administrabant
1716 2029 1743 2074 c.
1770 1998 1793 2076 Ι
1823 1999 1869 2093 (Ι.
1894 2003 2007 2096 1711))
2036 2009 2064 2082 ii

167 2168 274 2245 qnoque
297 2142 488 2248 qoamlibet.
503 2147 666 2219 actionem
694 2149 764 2248 ipsi
786 2147 950 2219 instituere
974 2146 1114 2249 aleisque
1138 2146 1304 2221 mandare
1327 2158 1499 2247 poteront;
1527 2143 1634 2242 Vigsl.
1661 2174 1690 2219 c.
1712 2144 1761 2219 35
1787 2177 1826 2249 p.
1850 2145 1913 2224 66.
1970 2150 2062 2228 ¹Fae·

167 2290 246 2363 mena
268 2319 415 2394 quoquc,
445 2293 479 2365 'si
502 2304 610 2393 nupta
624 2291 734 2393 suerit
760 2292 875 2366 eodem
901 2320 993 2367 anno
1016 2293 1120 2395 plura
1142 2293 1311 2395 puberum
1331 2291 1895 2393 jurarroncescebatur(A1)c.b
1920 2325 1960 2398 p.
1981 2299 2059 2377 179

171 2435 219 2533 ψ.
237 2465 268 2536 p.
288 2437 393 2528 180).
458 2427 609 2514 ¹Annum
637 2439 806 2512 decimum
833 2452 986 2514 octavum
1015 2440 1193 2540 nbgieibus
1218 2442 1352 2540 majora
1372 2440 1456 2538 jura
1483 2437 1646 2528 attulisse,
1684 2467 1785 2543 qvam
1814 2442 1933 2543 quibus
1960 2457 2061 2523 anteo

161 2579 343 2679 foederetur,
375 2585 492 2687 quoad
504 2586 722 2659 matrimonia
739 2599 771 2659 et
786 2588 954 2660 bonorum
972 2614 1111 2660 suorum
1130 2586 1454 2660 administrationem
1472 2585 1634 2662 discimus
1651 2616 1695 2661 cx
1716 2586 1775 2685 sp.
1798 2618 1827 2665 c.
1849 2588 1871 2664 6
1893 2589 1939 2684 (Ι.
1963 2591 2061 2700 316)
2189 2677 2193 2681 ,

175 2726 226 2821 Δ).
240 2756 262 2803 c.
279 2726 299 2804 b
319 2727 377 2834 (p.
396 2731 490 2821 180)
510 2734 567 2832 csr.
586 2734 621 2805 b.
636 2734 732 2807 Diss.
747 2763 786 2835 p.
802 2730 946 2808 CXVI.
996 2732 1039 2806 Si
1053 2732 1226 2807 masculus
1242 2762 1374 2806 annum
1391 2735 1625 2833 octogesemum
1644 2736 1847 2838 compleverit
1863 2739 1907 2812 ob
1926 2754 2061 2818 oetatem

176 2871 249 2947 nni
266 2891 453 2979 provectam
471 2891 503 2951 ct
513 2894 738 2981 proesumtam
757 2881 873 2955 sirium
892 2881 1002 2952 animi
1017 2879 1269 2952 imbecillitatem
1287 2880 1439 2979 suijuris
1456 2907 1525 2953 esse
1543 2879 1646 2952 desiit.
1694 2879 1790 2953 Hinc
1806 2885 2060 2961 matrimonium

181 3017 230 3091 sine
241 3021 398 3098 bandum
416 3052 576 3099 consensu
592 3055 663 3099 non
679 3028 761 3100 inire
773 3028 895 3130 potuit,
913 3026 993 3100 etsi
1005 3025 1223 3098 nibilominus
1239 3024 1372 3110 missa,
1391 3023 1486 3096 liberi
1499 3023 1578 3096 inde
1581 3026 1677 3124 sorte
1693 3025 1769 3097 nati
1782 3026 1941 3127 ellegitnni
1953 3058 2059 3108 cense-

181 3160 275 3242 banna
294 3173 358 3269 Ap.
384 3202 414 3247 c.
429 3171 458 3262 ,Ι
471 3200 484 3274 ;ι
515 3134 593 3246 be'ree
617 3200 744 3276 qooque
765 3199 865 3275 neqve
877 3171 1036 3271 fundum
1058 3198 1158 3281 neque
1179 3171 1413 3270 magistratum
1436 3168 1625 3265 (godord),
1662 3171 1695 3244 si
1715 3196 1753 3243 eo
1772 3172 1962 3272 gaudebat,
1992 3180 2061 3280 ipsi

177 3309 288 3392 ultum
304 3319 396 3394 b'cuit
416 3320 485 3393 nisi
504 3347 568 3393 arc
590 3319 698 3392 aluno
720 3345 894 3421 oppresso;
922 3319 992 3414 ΑΡ.
1016 3344 1044 3390 c.
1067 3315 1116 3392 18
1142 3315 1187 3407 (Ι.
1214 3313 1322 3406 224).
1384 3315 1473 3416 Qa'rs
1494 3317 1583 3391 testis
1603 3316 1747 3392 idoneus
1767 3346 1837 3393 non
1856 3319 2056 3402 habebatur.

307 3465 426 3541 Codex
452 3479 658 3539 nosternon
686 3465 792 3538 obem
820 3466 1006 3539 tutelam
1034 3492 1135 3566 qvam
1162 3464 1413 3568 legitimam
1439 3464 1599 3563 agnoscet.
1656 3463 1705 3538 Ei
1729 3465 1789 3539 illa
1810 3470 1971 3568 proxime
1997 3471 2058 3546 de·

150 3605 242 3689 ibbo
264 3615 323 3717 qni
344 3611 398 3686 ad
415 3611 584 3713 impuberi
606 3611 849 3685 succedendum
861 3613 973 3713 suerit
993 3612 1136 3714 propior
1161 3606 1237 3699 (sva
1263 3605 1331 3683 scel
1355 3607 1391 3680 til
1418 3605 1673 3704 fiarvarpveizlo
1698 3619 1773 3703 tace
1796 3636 1871 3686 sem
1892 3611 1929 3687 til
1951 3614 2052 3709 mis),

150 3758 243 3832 modo
274 3760 327 3835 itte
363 3760 435 3861 epse
470 3758 524 3831 ad
554 3771 686 3833 atatem
721 3758 903 3858 legetbnam
933 3757 1130 3860 pemem'sset
1161 3769 1193 3831 et
1225 3754 1279 3829 ad
1308 3754 1445 3828 tutelam
1475 3755 1659 3856 gerendam
1693 3758 1887 3860 cateroqoin
1920 3761 2054 3840 babrb‘s.

150 3897 277 3981 Primus
308 3906 463 3978 amnium
486 3902 562 4006 filii
583 3902 736 4006 filiuqee
762 3904 944 4007 impuberis
971 3892 1065 3978 bona
1087 3902 1229 4006 proprio
1255 3900 1410 3974 babeatis
1437 3913 1526 3975 tutm
1550 3902 1714 4002 legitemus
1736 3917 1837 4006 pates
1861 3905 1928 4007 lege
1954 3935 2056 3985 soca-

150 4064 201 4140 ur,
223 4054 303 4128 dein
306 4055 421 4153 scater
431 4080 615 4152 gentianus
632 4064 664 4125 et
679 4025 940 4150 consongvincus
957 4050 1042 4142 (non
1059 4046 1237 4137 uten'uus),
1258 4048 1447 4150 posthunc
1463 4037 1642 4140 muter**).
1698 4048 1757 4125 Hi
1770 4063 1891 4126 tutores
1907 4081 1949 4127 ea
1960 4082 2056 4157 pra·-

150 4202 278 4300 ugabba
295 4225 373 4300 prae
394 4200 519 4272 cateres
526 4198 752 4297 fruebantur,
782 4209 820 4268 ut
836 4196 877 4269 de
894 4194 1052 4270 reditibus
1069 4196 1237 4269 bonorum
1253 4193 1383 4267 nullom
1401 4195 1564 4267 rationem
1571 4193 1680 4294 finito
1697 4197 1798 4270 tutela
1814 4198 1946 4273 reddere
1962 4213 2056 4280 tene-

150 4359 260 4435 untur‚·
292 4346 362 4440 AI).
392 4373 420 4418 c.
443 4345 465 4420 9
496 4342 542 4435 (Ι.
566 4342 671 4432 192).
734 4342 882 4442 Qniram
900 4355 982 4446 post
1000 4370 1056 4417 cos
1077 4340 1131 4415 ad
1147 4333 1284 4415 tutelam
1306 4339 1555 4442 suscipiendam
1577 4355 1769 4416 vocarentur
1787 4371 1833 4417 cx
1849 4302 2055 4450 proscriptis

150 4493 174 4568 te
192 4491 402 4569 successione
423 4491 469 4564 ab
492 4491 642 4563 intestato
670 4489 739 4583 AI).
761 4517 790 4562 c.
813 4489 827 4562 1
858 4489 1035 4575 discemus,
1068 4487 1157 4562 unde
1179 4514 1312 4590 quoque
1330 4497 1426 4589 patet
1446 4501 1590 4587 ageratos
1610 4487 1757 4590 ejusdem
1776 4489 1906 4590 gradus
1925 4450 2068 4593 semper

150 4640 277 4742 agnat&
285 4636 404 4740 fuisse
420 4636 591 4737 proelatos.
648 4634 691 4708 Si
710 4635 782 4736 qvis
791 4637 887 4735 sorte
909 4636 1001 4708 bono
1018 4634 1203 4735 pupiloria
1225 4633 1366 4731 (omega
1389 4632 1477 4736 cyfi)
1500 4633 1654 4710 curando
1675 4637 1851 4735 susceperit
1871 4635 2054 4736 minmo-

150 4788 203 4863 ’ω
217 4784 338 4890 gradu
358 4782 527 4886 impuberi
549 4782 743 4882 conjunctus
755 4779 883 4881 suen't,
907 4780 1101 4880 proximior
1122 4780 1217 4854 ellum
1241 4808 1333 4854 anno
1355 4793 1437 4881 post
1459 4781 1596 4891 tutelam
1621 4791 1811 4879 susceptam
1832 4779 2052 4885 proeterlopso

150 4934 171 5015 b
202 4933 276 5008 bac
310 4929 413 5004 tutela
446 4954 608 5002 removere
637 4927 767 5030 potuit,
805 4926 840 5000 si
869 4925 958 5000 adca
992 4924 1149 5011 solemdo
1183 4927 1227 4999 sit
1261 4935 1300 4997 ut
1325 4923 1467 4998 dinidio
1493 4925 1575 5025 plus
1601 4924 1769 4997 bononem
1797 4923 1925 5003 bobeat
1951 4953 2052 5032 qoam

194 5256 233 5322 ⁸)
267 5246 329 5308 Ae
350 5245 433 5304 buno
458 5264 551 5323 usque
576 5262 695 5303 annum
720 5246 879 5327 masculus
904 5245 939 5302 iu
966 5242 1077 5303 Codice
1103 5241 1231 5320 Grbgbs
1252 5240 1412 5320 peculiari
1436 5243 1559 5300 nomine
1584 5240 1676 5321 ”ungi
1699 5237 1803 5302 nubs*
1828 5250 1969 5302 vocatur.

176 5371 233 5442 ⁸)
268 5366 311 5425 Si
334 5376 440 5422 mater
462 5380 562 5423 novas
586 5364 716 5440 meptias
742 5362 866 5421 iniisset
891 5362 1022 5433 vitricus
1040 5380 1104 5442 pro
1128 5369 1228 5419 matre
1252 5357 1334 5418 bona
1355 5359 1539 5438 pupillaris
1562 5357 1790 5420 administrare
1812 5355 1941 5421 solebat.

1748 5526 1818 5614 (12
