4522 5850
1032 468 1099 493 ·-
1166 428 1360 516 CXXIV
1428 469 1496 497 u-

308 683 401 755 bona
433 679 619 781 pupillorio
650 649 814 781 efficiant,
853 689 941 758 tutor
971 688 1084 750 autem
1112 662 1268 778 ‚prusens
1293 703 1335 749 ne
1361 688 1491 751 tontum
1522 679 1651 782 quidem
1675 680 1851 784 possideat
1878 679 1968 782 qood
1990 672 2044 752 vrei
2056 679 2227 780 somr'liori

304 826 430 928 pupilli
456 827 562 928 pretio
592 826 806 926 respondeat,
845 822 920 936 deiri
948 852 983 897 se
1011 822 1130 927 offoa
1156 836 1194 895 ut
1219 825 1312 897 borio
1335 826 1459 927 pupilli
1484 827 1608 901 elocare
1635 838 1667 900 et
1679 827 1852 929 srugffera
1878 826 2014 901 reddere
2041 823 2177 898 studeat
2194 839 2223 898 et

309 973 511 1067 resarcitiorii
543 972 775 1046 alimentorum
812 972 847 1043 iri
882 956 1087 1072 impuberem
1124 968 1366 1069 erogandorum
1389 933 1593 1047 'renunciare
1627 974 1717 1059 eeb't,·
1754 973 1823 1069 AI).
1852 974 1926 1050 e9
1954 972 1986 1046 Ι.
2012 935 2214 1077 196’)ψ.

311 1146 343 1192 0,
368 1118 430 1190 io·
451 1117 497 1209 (r.
517 1119 598 1195 ‘197
614 1118 754 1209 ooo).
819 1118 941 1191 enm
967 1115 1068 1189 mm
1087 1116 1200 1216 jour
1222 1116 1288 1188 iac
1313 1118 1418 1191 sonu
1442 1079 1558 1222 offi'm
1580 1132 1737 1222 porum
1764 1117 1862 1210 (re),
1901 1145 1965 1220 ῳ.
1992 1120 2030 1192 tn
2060 1144 2145 1191 cao
2167 1145 2217 1194 n

238 1366 240 1368 V
311 1291 379 1336 non
414 1264 477 1337 ubi
504 1265 618 1364 plures
652 1265 799 1367 ejusdem
831 1263 961 1364 gradus
994 1262 1098 1336 simul
1128 1263 1195 1363 lege
1228 1263 1280 1337 ad
1311 1264 1446 1337 tutelam
1481 1266 1591 1338 ooeati
1622 1279 1743 1353 essent,
1783 1265 1920 1336 tutelam
1947 1264 1988 1336 bi
2012 1291 2134 1338 omnes
2154 1292 2213 1343 tna

311 1411 544 1511 suscipiebant.
601 1411 709 1484 Bona
732 1412 917 1514 pupillario
945 1423 1096 1484 accurate
1122 1412 1235 1484 statim
1262 1424 1287 1483 'a
1315 1411 1390 1484 eicis
1412 1411 1527 1512 peritis
1554 1411 1812 1485 (estimabantur
1836 1410 2023 1484 seeundum
2052 1439 2112 1485 eos
2134 1439 2206 1513 regr-

310 1555 381 1642 las,
420 1583 503 1659 pras
531 1560 600 1654 ΑΙ).
630 1561 708 1636 ε.9
740 1539 785 1653 (l.
810 1556 1004 1636 193-195
1040 1559 1098 1659 esr.
1124 1588 1163 1660 p.
1187 1556 1282 1648 196)
1310 1557 1460 1643 exbibet,
1499 1569 1531 1631 et
1555 1557 1674 1632 eadem
1702 1571 1792 1631 tutor
1806 1555 1915 1657 finito
1942 1558 2045 1631 tutela
2073 1557 2227 1667 restitues¹

310 1704 500 1792 tenebatur5
537 1708 725 1780 remotiores
759 1719 879 1779 tutores
913 1707 1050 1808 insuper
1072 1706 1252 1807 fructuum
1284 1714 1512 1807 perceptonem
1546 1708 1708 1778 rationem
1736 1703 1868 1778 reddere
1894 1704 2101 1778 tenebantur.
2160 1699 2201 1779 lbi

312 1846 406 1921 bona
440 1879 509 1923 non
543 1867 638 1925 extra
675 1852 891 1954 quadrantem
928 1851 969 1924 de
983 1881 1048 1925 erre
1083 1841 1173 1925 lr‘cuit
1206 1853 1269 1926 ubi
1299 1853 1365 1924 sita
1400 1863 1494 1923 erant
1528 1875 1718 1954 qeanqeam
1751 1863 1840 1923 tutor
1864 1850 1901 1922 in
1929 1850 1997 1923 alio
2025 1838 2226 1935 ΙιαόΜκ

313 1991 377 2082 sed
393 1996 427 2066 si
444 1996 481 2068 in
497 1998 655 2097 pleribus
675 1998 792 2071 dissita
801 1998 936 2101 suerint
955 2025 993 2070 eo
1017 1998 1297 2098 transferebantur
1317 1998 1379 2071 ubi
1399 2024 1513 2071 eorum
1532 1999 1790 2099 maximopere
1806 2010 1889 2070 esset
1906 1995 1961 2099 (p.
1981 1994 2089 2086 193).
2142 1992 2203 2069 Pb
2230 2104 2233 2109 ι

314 2165 366 2215 res
392 2168 526 2243 quoque
552 2143 684 2245 regulos
712 2142 831 2219 Codex
857 2145 941 2219 sistit
965 2145 1052 2217 cirea
1079 2142 1400 2218 admi'mstrotioriem
1426 2146 1592 2218 bonorum
1617 2142 1799 2217 servandas
1823 2143 1881 2246 (p.
1904 2141 2015 2236 200).
2079 2141 2122 2216 Si
2140 2140 2206 2243 (μ’

315 2289 449 2387 cognoce·
479 2291 690 2365 nomam
720 2292 888 2394 repom
917 2294 960 2365 o
994 2291 1201 2392 cognomen
1229 2290 1483 2394 proximonum
1518 2292 1705 2364 oenone
1728 2304 1818 2364 mor
1839 2291 2028 2393 prospero
2054 2289 2161 2365 eoa
2176 2310 2206 2360 u
2247 2252 2251 2359 ἶ

315 2433 402 2506 ultra
433 2435 514 2510 eires
540 2439 590 2512 rei
604 2437 796 2539 familiaris
821 2452 1029 2539 gravaretur,
1068 2437 1132 2512 sed
1154 2437 1350 2512 alendorum
1370 2440 1463 2538 juste
1489 2439 1671 2540 impuberis
1698 2439 1797 2510 bonis
1823 2439 2048 2537 injunctonem
2076 2437 2143 2540 ipse
2162 2460 2211 2508 iu-

316 2576 392 2666 ram
413 2610 523 2682 gerere
548 2586 721 2659 tenebatur
745 2585 801 2688 (p.
822 2582 928 2675 193).
984 2582 1027 2657 Si
1042 2586 1105 2684 jus
1126 2584 1337 2687 protimiseos
1359 2584 1491 2685 pupillo
1518 2584 1553 2660 in
1567 2583 1727 2684 fundum
1756 2597 1947 2685 competeret
1973 2582 2015 2656 id
2038 2609 2155 2659 servae
2172 2593 2218 2653 tu·

315 2738 369 2798 tor
397 2730 584 2818 tenebatur,
623 2730 716 2836 qood
746 2733 780 2806 si
813 2731 1006 2833 neglexisset
1033 2731 1187 2835 pupillus
1213 2759 1290 2805 cum
1317 2729 1370 2804 ad
1394 2742 1526 2803 oetotem
1553 2731 1733 2832 lcgn'timam
1756 2731 1954 2831 pervenisset
1979 2729 2070 2804 illud
2090 2751 2224 2805 eonem

315 2872 535 2955 nibilominus
556 2879 689 2981 potuit,·
723 2878 898 2953 Laudabr.
922 2880 959 2953 b.
989 2908 1017 2953 c.
1041 2879 1091 2955 19
1120 2877 1185 2972 (11.
1216 2876 1325 2968 939).

431 3022 435 3027 ’
483 3016 626 3100 Eodem
648 3029 728 3129 sere
757 3011 877 3128 regula
905 3026 947 3100 de
973 3028 1014 3100 iis
1042 3027 1099 3128 qoi
1123 3027 1168 3100 ob
1198 3026 1370 3100 insaniam
1398 3030 1591 3126 oetotc'mqee
1613 3036 1804 3125 provectam
1831 3022 1941 3097 tutcloe
1968 3023 2138 3097 subessent
2154 3044 2221 3138 sn·-
2239 3032 2251 3123 J

317 3183 402 3241 eatoe
416 3172 532 3269 fuisse
559 3172 714 3246 videntur.

491 3315 559 3412 Qvi
583 3317 692 3389 eidux
720 3321 796 3420 prin
824 3330 855 3391 et
881 3320 997 3417 ei'rgini
1020 3319 1160 3391 sedecim
1190 3295 1300 3391 annos
1326 3331 1417 3390 notoe
1445 3331 1476 3390 et
1502 3318 1655 3419 inprimis
1682 3319 1876 3390 eiecnnorioe
1898 3318 2052 3418 provisor
2064 3320 2140 3420 suit
2155 3312 2211 3416 lq'

319 3455 454 3548 tinius,
476 3462 507 3535 is
530 3463 645 3564 potius
672 3463 725 3536 ad
748 3483 913 3550 curatores
940 3491 1041 3566 qeom
1070 3461 1123 3535 ad
1145 3474 1267 3535 tutores
1293 3462 1480 3562 referendus
1508 3490 1577 3535 esse
1604 3463 1736 3536 ridetur.
1789 3554 1791 3558 μ

487 3609 525 3683 J
528 3639 577 3685 us
603 3637 745 3683 rerum
772 3611 876 3684 modo
906 3610 1082 3696 delibabo,
1118 3635 1161 3681 ne
1177 3605 1273 3708 fines
1299 3606 1402 3707 liujus
1429 3606 1664 3680 dissertationis
1690 3609 1792 3681 nimis
1820 3609 1992 3683 excedam.

490 3754 610 3828 Codex
636 3771 747 3830 noster
772 3757 891 3852 eadem
914 3759 997 3856 jura
1025 3755 1172 3841 realia,
1209 3781 1283 3857 prce
1307 3752 1378 3826 alio
1396 3755 1481 3853 jura
1506 3753 1642 3827 cultiora
1668 3758 1835 3855 agnoscit,
1873 3758 1984 3859 prolia
2011 3757 2214 3830 dominiun

321 3898 560 3983 hareditas,
596 3902 769 3975 sereitus
796 3899 932 3993 (aodaefi
960 3932 988 3978 s.
1017 3899 1100 3992 irak)
1128 3914 1160 3974 et
1182 3902 1335 4001 pignus
1362 3898 1468 3991 (ved).
2249 4007 2251 4016 Ι

494 4043 621 4144 Quoad
642 4046 784 4120 modos
810 4048 1047 4150 acqeirendi
1068 4050 1105 4121 iri
1124 4047 1280 4148 plun'bus
1305 4046 1434 4150 pridem
1462 4075 1539 4122 eum
1566 4049 1642 4122 eliis
1660 4050 1798 4150 juribus
1820 4049 1925 4122 medii
1944 4051 2009 4122 aei
2023 4051 2222 4152 potissimi&

319 4190 639 4292 septemtrionalibus
667 4194 829 4281 conuenit,
864 4195 901 4266 in
929 4194 1006 4267 aliis
1033 4207 1146 4267 autern
1171 4193 1217 4266 ab
1245 4152 1457 4266 iisdiscedit.

336 4330 339 4336 ’
491 4337 550 4411 De
570 4340 837 4440 occupatione
849 4338 1041 4435 fundorum
1067 4338 1185 4413 Codex
1205 4341 1290 4415 nibil
1307 4339 1437 4426 statuit,
1467 4368 1545 4413 eum
1567 4368 1683 4416 omnes
1703 4340 1867 4416 lslaridiae
1875 4340 1991 4443 fundi
2000 4343 2084 4441 jam
2107 4341 2168 4416 diu

324 4487 439 4586 cupoti
466 4496 580 4559 essent.
643 4480 687 4556 In
715 4484 920 4559 Landnima
953 4487 1094 4588 aliisque
1119 4485 1220 4587 Sagis
1255 4488 1482 4562 vetustioribus
1517 4488 1683 4591 quomodo
1719 4488 1795 4561 bae
1830 4489 2004 4589 occupatio
2041 4490 2089 4562 ab
2124 4517 2146 4562 o
2168 4490 2204 4508 ⁰'

288 4699 292 4707 .
319 4634 512 4732 processerit
543 4644 695 4706 accurate
730 4630 925 4732 explicatur.
995 4629 1084 4703 Cum
1119 4660 1171 4705 res
1201 4633 1342 4735 publica
1369 4632 1532 4707 Islarrdia
1567 4636 1650 4708 dum
1684 4635 1769 4708 stetit
1794 4661 1967 4734 nunqeom
1995 4633 2080 4707 bello
2112 4649 2186 4710 exte
2236 4702 2239 4707 .

324 4779 486 4879 implicita
513 4792 610 4865 esset,
643 4777 730 4852 niliil
754 4778 809 4850 bie
836 4777 879 4852 dc
905 4779 1121 4879 occupatione
1147 4778 1263 4851 bellico
1291 4780 1437 4852 occurrit.
1497 4779 1664 4855 Prodam
1688 4783 1773 4854 inter
1793 4808 1931 4880 pugnas
1956 4778 2161 4863 domesticas

323 4925 477 5023 qondam
505 4926 582 5000 civis
608 4926 672 4998 ciri
694 4908 854 4999 restituere
874 4924 1065 5012 tenebatur,
1095 4923 1171 5026 qeiri
1198 4936 1230 4995 et
1255 4937 1294 4996 ut
1315 4898 1491 5025 preedotor
1512 4912 1634 5026 pocnoe
1661 4954 1735 5000 reus
1761 4939 1847 5011 erat,
1876 4927 1939 5000 scd
1959 4952 2034 5027 qroe
2055 4929 2133 5027 qvis
2153 4959 2179 5003 a
2207 4922 2213 4933 ⁸

404 5152 436 5212 *)
449 5116 551 5209 lloeo
571 5122 730 5244 pluraque
761 5175 798 5213 ex
829 5152 927 5212 edicto
960 5152 1094 5234 quodam
1118 5150 1369 5229 Nomopbylace'e
1400 5154 1437 5211 de
1466 5154 1555 5212 bonis
1575 5154 1788 5231 pupillaribus
1814 5127 1952 5214 desumto
1968 5153 2079 5231 fuisse
2106 5134 2181 5217 vero

217 5339 249 5400 Χ
405 5259 411 5276 ’
459 5251 562 5440 similia
591 5239 793 5329 ei‘phraei,
826 5272 896 5332 qooe
926 5253 952 5314 I.
983 5273 1017 5332 p.
1044 5255 1107 5316 196
1140 5253 1295 5311 occurrit:
1328 5251 1373 5311 Et
1403 5252 1549 5332 oscylldri
1575 5248 1664 5311 menn
1689 5261 1752 5312 tneo
1778 5255 1813 5314 til
1837 5249 2073 5342 fimarpveizlo
2101 5254 2166 5318 erin
2192 5230 2251 5348 aff

434 5350 517 5410 -ial
559 5370 576 5410 ι
603 5371 647 5410 ec.
