<?xml version="1.0" encoding="UTF-8"?>
<!DOCTYPE html PUBLIC "-//W3C//DTD XHTML 1.0 Transitional//EN"
    "http://www.w3.org/TR/xhtml1/DTD/xhtml1-transitional.dtd">
<html xmlns="http://www.w3.org/1999/xhtml" xml:lang="en" lang="en">
 <head>
  <title>
</title>
<meta http-equiv="Content-Type" content="text/html;charset=utf-8" />
  <meta name='ocr-system' content='tesseract 3.04.00' />
  <meta name='ocr-capabilities' content='ocr_page ocr_carea ocr_par ocr_line ocrx_word'/>
</head>
<body>
  <div class='ocr_page' id='page_1' title='image "./hinfornalgbkisl00icelgoog_0084.png"; bbox 0 0 4522 5850; ppageno 0'>
   <div class='ocr_carea' id='block_1_1' title="bbox 868 290 1376 379">
    <p class='ocr_par' dir='ltr' id='par_1_1' title="bbox 868 290 1376 379">
     <span class='ocr_line' id='line_1_1' title="bbox 868 290 1376 379; baseline 0.006 -2"><span class='ocrx_word' id='word_1_1' title='bbox 868 336 936 357; x_wconf 90' lang='lat'><em>-</em></span> <span class='ocrx_word' id='word_1_2' title='bbox 1002 290 1242 379; x_wconf 83' lang='lat' dir='ltr'>LXXXVI</span> <span class='ocrx_word' id='word_1_3' title='bbox 1307 332 1376 356; x_wconf 88' lang='lat'><em>·-·</em></span> 
     </span>
    </p>
   </div>
   <div class='ocr_carea' id='block_1_2' title="bbox 164 532 1982 1664">
    <p class='ocr_par' dir='ltr' id='par_1_2' title="bbox 164 532 1982 787">
     <span class='ocr_line' id='line_1_2' title="bbox 164 532 1982 642; baseline -0.003 -24"><span class='ocrx_word' id='word_1_4' title='bbox 164 546 281 618; x_wconf 87' lang='lat' dir='ltr'><em>stcnsis</em></span> <span class='ocrx_word' id='word_1_5' title='bbox 310 542 465 615; x_wconf 85' lang='lat' dir='ltr'><em>Haconis</em></span> <span class='ocrx_word' id='word_1_6' title='bbox 493 539 685 619; x_wconf 87' lang='lat' dir='ltr'><em>Haconidis</em></span> <span class='ocrx_word' id='word_1_7' title='bbox 713 538 827 642; x_wconf 89' lang='lat' dir='ltr'><em>(apud</em></span> <span class='ocrx_word' id='word_1_8' title='bbox 852 539 1023 613; x_wconf 83' lang='lat' dir='ltr'><em>Pausirtm</em></span> <span class='ocrx_word' id='word_1_9' title='bbox 1056 536 1106 611; x_wconf 92' lang='grc' dir='ltr'><em>ΙΙ.</em></span> <span class='ocrx_word' id='word_1_10' title='bbox 1141 567 1179 639; x_wconf 87' lang='lat' dir='ltr'><em>p.</em></span> <span class='ocrx_word' id='word_1_11' title='bbox 1200 532 1265 613; x_wconf 63' lang='lat'><em>23.</em></span> <span class='ocrx_word' id='word_1_12' title='bbox 1297 536 1366 627; x_wconf 72' lang='lat' dir='ltr'><em>tt)</em></span> <span class='ocrx_word' id='word_1_13' title='bbox 1402 550 1434 611; x_wconf 92' lang='lat' dir='ltr'><em>ct</em></span> <span class='ocrx_word' id='word_1_14' title='bbox 1461 541 1522 639; x_wconf 79' lang='lat' dir='ltr'><em>jus</em></span> <span class='ocrx_word' id='word_1_15' title='bbox 1552 539 1626 612; x_wconf 88' lang='lat' dir='ltr'><em>cccl.</em></span> <span class='ocrx_word' id='word_1_16' title='bbox 1656 552 1816 612; x_wconf 80' lang='lat' dir='ltr'><em>vetustum</em></span> <span class='ocrx_word' id='word_1_17' title='bbox 1852 565 1881 613; x_wconf 89' lang='lat' dir='ltr'><em>c.</em></span> <span class='ocrx_word' id='word_1_18' title='bbox 1911 538 1934 612; x_wconf 84' lang='lat'>3</span> <span class='ocrx_word' id='word_1_19' title='bbox 1969 540 1982 629; x_wconf 84' lang='grc'>&lt;</span> 
     </span>
     <span class='ocr_line' id='line_1_3' title="bbox 168 668 1328 787; baseline -0.005 -26"><span class='ocrx_word' id='word_1_20' title='bbox 168 689 335 763; x_wconf 69' lang='lat' dir='ltr'><em>causum</em></span> <span class='ocrx_word' id='word_1_21' title='bbox 364 685 414 760; x_wconf 85' lang='lat' dir='ltr'><em>u.</em></span> <span class='ocrx_word' id='word_1_22' title='bbox 440 715 478 787; x_wconf 75' lang='grc' dir='ltr'><em>ρ.</em></span> <span class='ocrx_word' id='word_1_23' title='bbox 500 668 607 775; x_wconf 73' lang='lat' dir='ltr'><em>ess).</em></span> <span class='ocrx_word' id='word_1_24' title='bbox 1323 690 1328 697; x_wconf 91' lang='lat'><strong>·</strong></span> 
     </span>
    </p>

    <p class='ocr_par' dir='ltr' id='par_1_3' title="bbox 165 826 1982 1664">
     <span class='ocr_line' id='line_1_4' title="bbox 336 826 1976 932; baseline -0.004 -24"><span class='ocrx_word' id='word_1_25' title='bbox 336 835 491 908; x_wconf 84' lang='lat' dir='ltr'><em>Tartara</em></span> <span class='ocrx_word' id='word_1_26' title='bbox 517 832 647 904; x_wconf 89' lang='lat' dir='ltr'><em>nullum</em></span> <span class='ocrx_word' id='word_1_27' title='bbox 674 832 841 932; x_wconf 53' lang='lat' dir='ltr'><em>vestigium</em></span> <span class='ocrx_word' id='word_1_28' title='bbox 870 832 905 904; x_wconf 87' lang='lat' dir='ltr'><em>in</em></span> <span class='ocrx_word' id='word_1_29' title='bbox 931 843 998 903; x_wconf 86' lang='lat' dir='ltr'><em>toto</em></span> <span class='ocrx_word' id='word_1_30' title='bbox 1027 843 1139 903; x_wconf 88' lang='lat' dir='ltr'><em>nostro</em></span> <span class='ocrx_word' id='word_1_31' title='bbox 1171 826 1293 904; x_wconf 89' lang='lat' dir='ltr'><em>Codice</em></span> <span class='ocrx_word' id='word_1_32' title='bbox 1319 831 1457 904; x_wconf 89' lang='lat' dir='ltr'><em>occurrit</em></span> <span class='ocrx_word' id='word_1_33' title='bbox 1481 841 1604 930; x_wconf 83' lang='lat' dir='ltr'><em>prater</em></span> <span class='ocrx_word' id='word_1_34' title='bbox 1629 856 1738 902; x_wconf 90' lang='lat' dir='ltr'><em>unum</em></span> <span class='ocrx_word' id='word_1_35' title='bbox 1765 859 1902 917; x_wconf 88' lang='lat' dir='ltr'><em>casum,</em></span> <span class='ocrx_word' id='word_1_36' title='bbox 1941 833 1976 904; x_wconf 90' lang='lat' dir='ltr'><em>si</em></span> 
     </span>
     <span class='ocr_line' id='line_1_5' title="bbox 165 974 1982 1081; baseline -0.003 -29"><span class='ocrx_word' id='word_1_37' title='bbox 165 981 277 1065; x_wconf 71' lang='lat' dir='ltr'><em>nima,</em></span> <span class='ocrx_word' id='word_1_38' title='bbox 307 1008 380 1081; x_wconf 77' lang='lat' dir='ltr'><em>qva</em></span> <span class='ocrx_word' id='word_1_39' title='bbox 403 993 542 1081; x_wconf 86' lang='lat' dir='ltr'><em>partum</em></span> <span class='ocrx_word' id='word_1_40' title='bbox 558 992 664 1052; x_wconf 77' lang='lat' dir='ltr'><em>cetra</em></span> <span class='ocrx_word' id='word_1_41' title='bbox 690 977 943 1051; x_wconf 76' lang='lat' dir='ltr'><em>matrimonium</em></span> <span class='ocrx_word' id='word_1_42' title='bbox 971 974 1139 1058; x_wconf 74' lang='lat' dir='ltr'><em>edidisset,</em></span> <span class='ocrx_word' id='word_1_43' title='bbox 1168 977 1261 1050; x_wconf 70' lang='lat' dir='ltr'><em>eruta</em></span> <span class='ocrx_word' id='word_1_44' title='bbox 1289 977 1359 1049; x_wconf 88' lang='lat' dir='ltr'><em>alia</em></span> <span class='ocrx_word' id='word_1_45' title='bbox 1385 976 1510 1050; x_wconf 74' lang='lat' dir='ltr'><em>rabbae</em></span> <span class='ocrx_word' id='word_1_46' title='bbox 1537 974 1631 1074; x_wconf 56' lang='lat' dir='ltr'><em>adipi</em></span> <span class='ocrx_word' id='word_1_47' title='bbox 1654 977 1775 1074; x_wconf 80' lang='lat' dir='ltr'><em>possit,</em></span> <span class='ocrx_word' id='word_1_48' title='bbox 1805 989 1843 1048; x_wconf 90' lang='lat' dir='ltr'><em>ut</em></span> <span class='ocrx_word' id='word_1_49' title='bbox 1864 989 1982 1076; x_wconf 89' lang='lat' dir='ltr'><em>patren</em></span> 
     </span>
     <span class='ocr_line' id='line_1_6' title="bbox 167 1119 1962 1224; baseline -0.003 -25"><span class='ocrx_word' id='word_1_50' title='bbox 167 1125 299 1199; x_wconf 81' lang='lat' dir='ltr'><em>dc&#39;caret.</em></span> <span class='ocrx_word' id='word_1_51' title='bbox 355 1125 434 1198; x_wconf 79' lang='lat' dir='ltr'><em>Lea</em></span> <span class='ocrx_word' id='word_1_52' title='bbox 460 1137 573 1198; x_wconf 86' lang='lat' dir='ltr'><em>tamen</em></span> <span class='ocrx_word' id='word_1_53' title='bbox 601 1136 690 1197; x_wconf 80' lang='lat' dir='ltr'><em>cavet</em></span> <span class='ocrx_word' id='word_1_54' title='bbox 715 1151 757 1195; x_wconf 90' lang='lat' dir='ltr'><em>nc</em></span> <span class='ocrx_word' id='word_1_55' title='bbox 783 1136 875 1196; x_wconf 88' lang='lat' dir='ltr'><em>actor</em></span> <span class='ocrx_word' id='word_1_56' title='bbox 901 1122 1110 1224; x_wconf 70' lang='lat' dir='ltr'><em>questionem</em></span> <span class='ocrx_word' id='word_1_57' title='bbox 1138 1122 1187 1193; x_wconf 91' lang='lat' dir='ltr'><em>ita</em></span> <span class='ocrx_word' id='word_1_58' title='bbox 1210 1121 1386 1207; x_wconf 87' lang='lat' dir='ltr'><em>adbibcat,</em></span> <span class='ocrx_word' id='word_1_59' title='bbox 1416 1134 1454 1194; x_wconf 91' lang='lat' dir='ltr'><em>ut</em></span> <span class='ocrx_word' id='word_1_60' title='bbox 1477 1119 1643 1193; x_wconf 89' lang='lat' dir='ltr'><em>damnum</em></span> <span class='ocrx_word' id='word_1_61' title='bbox 1666 1123 1797 1221; x_wconf 83' lang='lat' dir='ltr'><em>corpori</em></span> <span class='ocrx_word' id='word_1_62' title='bbox 1820 1123 1962 1207; x_wconf 77' lang='lat' dir='ltr'><em>otiatur,</em></span> 
     </span>
     <span class='ocr_line' id='line_1_7' title="bbox 166 1263 1982 1382; baseline -0.003 -39"><span class='ocrx_word' id='word_1_63' title='bbox 166 1284 204 1343; x_wconf 86' lang='lat' dir='ltr'><em>ut</em></span> <span class='ocrx_word' id='word_1_64' title='bbox 237 1298 275 1343; x_wconf 91' lang='lat' dir='ltr'><em>eo</em></span> <span class='ocrx_word' id='word_1_65' title='bbox 311 1274 426 1346; x_wconf 80' lang='lat' dir='ltr'><em>curtius</em></span> <span class='ocrx_word' id='word_1_66' title='bbox 448 1272 574 1382; x_wconf 37' lang='lat' dir='ltr'><em>&#39;celeber</em></span> <span class='ocrx_word' id='word_1_67' title='bbox 608 1271 744 1371; x_wconf 64' lang='lat' dir='ltr'><em>quisque</em></span> <span class='ocrx_word' id='word_1_68' title='bbox 780 1270 900 1342; x_wconf 79' lang='lat' dir='ltr'><em>accolis</em></span> <span class='ocrx_word' id='word_1_69' title='bbox 931 1268 1153 1369; x_wconf 84' lang='lat' dir='ltr'><em>prasentibus</em></span> <span class='ocrx_word' id='word_1_70' title='bbox 1188 1267 1426 1341; x_wconf 76' lang='lat' dir='ltr'><em>iestiuubatur.</em></span> <span class='ocrx_word' id='word_1_71' title='bbox 1473 1267 1652 1359; x_wconf 70' lang='lat' dir='ltr'><em>Festa-P.</em></span> <span class='ocrx_word' id='word_1_72' title='bbox 1686 1293 1714 1338; x_wconf 92' lang='lat' dir='ltr'><em>c.</em></span> <span class='ocrx_word' id='word_1_73' title='bbox 1741 1263 1792 1337; x_wconf 82' lang='lat'><em>33</em></span> <span class='ocrx_word' id='word_1_74' title='bbox 1824 1267 1871 1357; x_wconf 92' lang='lat'><em>(.</em></span> <span class='ocrx_word' id='word_1_75' title='bbox 1901 1296 1940 1367; x_wconf 94' lang='lat' dir='ltr'><em>p.</em></span> <span class='ocrx_word' id='word_1_76' title='bbox 1970 1264 1982 1338; x_wconf 80' lang='grc' dir='ltr'>Ξ</span> 
     </span>
     <span class='ocr_line' id='line_1_8' title="bbox 166 1411 1982 1517; baseline -0.002 -29"><span class='ocrx_word' id='word_1_77' title='bbox 166 1415 329 1490; x_wconf 87' lang='lat' dir='ltr'><em>Barbara</em></span> <span class='ocrx_word' id='word_1_78' title='bbox 355 1419 430 1490; x_wconf 87' lang='lat' dir='ltr'><em>bac</em></span> <span class='ocrx_word' id='word_1_79' title='bbox 455 1418 604 1517; x_wconf 76' lang='lat' dir='ltr'><em>exceptio</em></span> <span class='ocrx_word' id='word_1_80' title='bbox 633 1441 678 1488; x_wconf 78' lang='lat' dir='ltr'><em>ecc</em></span> <span class='ocrx_word' id='word_1_81' title='bbox 704 1416 841 1488; x_wconf 64' lang='lat' dir='ltr'><em>alneto</em></span> <span class='ocrx_word' id='word_1_82' title='bbox 860 1413 972 1486; x_wconf 59' lang='lat' dir='ltr'><em>&lt;modo</em></span> <span class='ocrx_word' id='word_1_83' title='bbox 1000 1440 1081 1485; x_wconf 92' lang='lat' dir='ltr'><em>cura</em></span> <span class='ocrx_word' id='word_1_84' title='bbox 1107 1411 1270 1513; x_wconf 81' lang='lat' dir='ltr'><em>explicari</em></span> <span class='ocrx_word' id='word_1_85' title='bbox 1289 1425 1411 1513; x_wconf 89' lang='lat' dir='ltr'><em>potest,</em></span> <span class='ocrx_word' id='word_1_86' title='bbox 1444 1440 1486 1484; x_wconf 90' lang='lat' dir='ltr'><em>ne</em></span> <span class='ocrx_word' id='word_1_87' title='bbox 1504 1411 1645 1513; x_wconf 76' lang='lat' dir='ltr'><em>familia</em></span> <span class='ocrx_word' id='word_1_88' title='bbox 1672 1411 1899 1512; x_wconf 58' lang='lat' dir='ltr'><em>satidactcbne</em></span> <span class='ocrx_word' id='word_1_89' title='bbox 1926 1412 1982 1485; x_wconf 65' lang='lat' dir='ltr'><em>sibe</em></span> 
     </span>
     <span class='ocr_line' id='line_1_9' title="bbox 165 1547 1480 1664; baseline -0.003 -30"><span class='ocrx_word' id='word_1_90' title='bbox 165 1560 237 1634; x_wconf 88' lang='lat' dir='ltr'><em>bita</em></span> <span class='ocrx_word' id='word_1_91' title='bbox 259 1564 405 1663; x_wconf 78' lang='lat' dir='ltr'><em>privetur</em></span> <span class='ocrx_word' id='word_1_92' title='bbox 430 1590 536 1663; x_wconf 84' lang='lat' dir='ltr'><em>neque</em></span> <span class='ocrx_word' id='word_1_93' title='bbox 563 1574 669 1635; x_wconf 88' lang='lat' dir='ltr'><em>toturn</em></span> <span class='ocrx_word' id='word_1_94' title='bbox 695 1561 859 1664; x_wconf 55' lang='lat' dir='ltr'><em>essartum</em></span> <span class='ocrx_word' id='word_1_95' title='bbox 886 1558 1000 1634; x_wconf 89' lang='lat' dir='ltr'><em>alendi</em></span> <span class='ocrx_word' id='word_1_96' title='bbox 1024 1585 1112 1631; x_wconf 92' lang='lat' dir='ltr'><em>onus</em></span> <span class='ocrx_word' id='word_1_97' title='bbox 1137 1559 1173 1629; x_wconf 91' lang='lat' dir='ltr'><em>in</em></span> <span class='ocrx_word' id='word_1_98' title='bbox 1199 1558 1292 1631; x_wconf 67' lang='lat' dir='ltr'><em>ibam</em></span> <span class='ocrx_word' id='word_1_99' title='bbox 1320 1556 1424 1632; x_wconf 90' lang='lat' dir='ltr'><em>cadat</em></span> <span class='ocrx_word' id='word_1_100' title='bbox 1437 1547 1480 1647; x_wconf 68' lang='lat'><em>*).</em></span> 
     </span>
    </p>
   </div>
   <div class='ocr_carea' id='block_1_3' title="bbox 1054 1860 1179 1956">
    <p class='ocr_par' dir='ltr' id='par_1_4' title="bbox 1054 1860 1179 1956">
     <span class='ocr_line' id='line_1_10' title="bbox 1054 1860 1179 1956; baseline 0.016 -22"><span class='ocrx_word' id='word_1_101' title='bbox 1054 1861 1084 1956; x_wconf 68' lang='grc' dir='ltr'><em>ς.</em></span> <span class='ocrx_word' id='word_1_102' title='bbox 1117 1860 1179 1936; x_wconf 82' lang='lat'><em>30.</em></span> 
     </span>
    </p>
   </div>
   <div class='ocr_carea' id='block_1_4' title="bbox 167 2017 1982 2256">
    <p class='ocr_par' dir='ltr' id='par_1_5' title="bbox 167 2017 1982 2256">
     <span class='ocr_line' id='line_1_11' title="bbox 167 2017 1982 2127; baseline -0.001 -29"><span class='ocrx_word' id='word_1_103' title='bbox 167 2025 231 2098; x_wconf 90' lang='lat' dir='ltr'><em>De</em></span> <span class='ocrx_word' id='word_1_104' title='bbox 267 2027 569 2102; x_wconf 79' lang='lat' dir='ltr'><em>tribunalium</em></span> <span class='ocrx_word' id='word_1_105' title='bbox 606 2030 651 2102; x_wconf 92' lang='lat' dir='ltr'><em>in</em></span> <span class='ocrx_word' id='word_1_106' title='bbox 685 2026 896 2101; x_wconf 88' lang='lat' dir='ltr'><em>Islandia</em></span> <span class='ocrx_word' id='word_1_107' title='bbox 921 2026 1079 2126; x_wconf 89' lang='lat' dir='ltr'><em>sorma</em></span> <span class='ocrx_word' id='word_1_108' title='bbox 1116 2036 1156 2097; x_wconf 92' lang='lat' dir='ltr'><em>et</em></span> <span class='ocrx_word' id='word_1_109' title='bbox 1182 2023 1513 2127; x_wconf 80' lang='lat' dir='ltr'><em>jurisdictione</em></span> <span class='ocrx_word' id='word_1_110' title='bbox 1549 2054 1600 2099; x_wconf 84' lang='lat' dir='ltr'><em>ec</em></span> <span class='ocrx_word' id='word_1_111' title='bbox 1638 2027 1728 2127; x_wconf 79' lang='lat' dir='ltr'><em>lege</em></span> <span class='ocrx_word' id='word_1_112' title='bbox 1766 2017 1947 2126; x_wconf 77' lang='lat' dir='ltr'><em>Greiga&#39;s</em></span> <span class='ocrx_word' id='word_1_113' title='bbox 1979 2066 1982 2096; x_wconf 83' lang='lat' dir='ltr'><em>t</em></span> 
     </span>
     <span class='ocr_line' id='line_1_12' title="bbox 678 2154 1561 2256; baseline -0.001 -29"><span class='ocrx_word' id='word_1_114' title='bbox 678 2154 979 2229; x_wconf 79' lang='lat' dir='ltr'><em>monumentis</em></span> <span class='ocrx_word' id='word_1_115' title='bbox 1013 2154 1250 2228; x_wconf 75' lang='lat' dir='ltr'><em>historicis</em></span> <span class='ocrx_word' id='word_1_116' title='bbox 1287 2167 1561 2256; x_wconf 87' lang='lat' dir='ltr'><em>comparata.</em></span> 
     </span>
    </p>
   </div>
   <div class='ocr_carea' id='block_1_5' title="bbox 164 2327 1982 3311">
    <p class='ocr_par' dir='ltr' id='par_1_6' title="bbox 166 2327 1982 2724">
     <span class='ocr_line' id='line_1_13' title="bbox 337 2327 1971 2438; baseline -0.004 -28"><span class='ocrx_word' id='word_1_117' title='bbox 337 2336 377 2410; x_wconf 84' lang='grc' dir='ltr'><em>Τ</em></span> <span class='ocrx_word' id='word_1_118' title='bbox 372 2337 540 2412; x_wconf 83' lang='lat' dir='ltr'><em>n&#39;bunalia</em></span> <span class='ocrx_word' id='word_1_119' title='bbox 567 2339 603 2411; x_wconf 88' lang='lat' dir='ltr'><em>iu</em></span> <span class='ocrx_word' id='word_1_120' title='bbox 630 2335 784 2410; x_wconf 87' lang='lat' dir='ltr'><em>Islandia</em></span> <span class='ocrx_word' id='word_1_121' title='bbox 805 2338 887 2438; x_wconf 84' lang='lat' dir='ltr'><em>jam</em></span> <span class='ocrx_word' id='word_1_122' title='bbox 915 2347 992 2409; x_wconf 86' lang='lat' dir='ltr'><em>ante</em></span> <span class='ocrx_word' id='word_1_123' title='bbox 1019 2362 1119 2437; x_wconf 72' lang='lat' dir='ltr'><em>qvam</em></span> <span class='ocrx_word' id='word_1_124' title='bbox 1150 2327 1288 2433; x_wconf 77' lang='lat' dir='ltr'><em>Grdga&#39;s</em></span> <span class='ocrx_word' id='word_1_125' title='bbox 1309 2334 1577 2434; x_wconf 74' lang='lat' dir='ltr'><em>promulgaretur</em></span> <span class='ocrx_word' id='word_1_126' title='bbox 1601 2334 1718 2408; x_wconf 89' lang='lat' dir='ltr'><em>cadem</em></span> <span class='ocrx_word' id='word_1_127' title='bbox 1737 2336 1815 2436; x_wconf 85' lang='lat' dir='ltr'><em>sere</em></span> <span class='ocrx_word' id='word_1_128' title='bbox 1845 2335 1971 2408; x_wconf 82' lang='lat' dir='ltr'><em>ratium</em></span> 
     </span>
     <span class='ocr_line' id='line_1_14' title="bbox 166 2479 1982 2585; baseline -0.001 -31"><span class='ocrx_word' id='word_1_129' title='bbox 166 2495 263 2555; x_wconf 89' lang='lat' dir='ltr'><em>mata</em></span> <span class='ocrx_word' id='word_1_130' title='bbox 284 2483 387 2582; x_wconf 86' lang='lat' dir='ltr'><em>suere</em></span> <span class='ocrx_word' id='word_1_131' title='bbox 418 2513 459 2557; x_wconf 90' lang='lat' dir='ltr'><em>ac</em></span> <span class='ocrx_word' id='word_1_132' title='bbox 489 2482 630 2557; x_wconf 77' lang='lat' dir='ltr'><em>ea-lcac</em></span> <span class='ocrx_word' id='word_1_133' title='bbox 656 2483 731 2585; x_wconf 77' lang='lat' dir='ltr'><em>lege.</em></span> <span class='ocrx_word' id='word_1_134' title='bbox 803 2480 1052 2555; x_wconf 90' lang='lat' dir='ltr'><em>Ordinaria</em></span> <span class='ocrx_word' id='word_1_135' title='bbox 1079 2493 1173 2554; x_wconf 89' lang='lat' dir='ltr'><em>erant</em></span> <span class='ocrx_word' id='word_1_136' title='bbox 1198 2479 1249 2553; x_wconf 77' lang='lat' dir='ltr'><em>eei</em></span> <span class='ocrx_word' id='word_1_137' title='bbox 1272 2481 1426 2579; x_wconf 71' lang='lat' dir='ltr'><em>asseruero</em></span> <span class='ocrx_word' id='word_1_138' title='bbox 1452 2483 1663 2578; x_wconf 73' lang='lat' dir='ltr'><em>Vesping</em></span> <span class='ocrx_word' id='word_1_139' title='bbox 1691 2480 1797 2567; x_wconf 85' lang='lat' dir='ltr'><em>dieta,</em></span> <span class='ocrx_word' id='word_1_140' title='bbox 1834 2479 1885 2553; x_wconf 78' lang='lat' dir='ltr'><em>ecl</em></span> <span class='ocrx_word' id='word_1_141' title='bbox 1908 2508 1982 2582; x_wconf 81' lang='lat' dir='ltr'><em>supe</em></span> 
     </span>
     <span class='ocr_line' id='line_1_15' title="bbox 168 2624 665 2724; baseline 0.004 -24"><span class='ocrx_word' id='word_1_142' title='bbox 168 2624 337 2724; x_wconf 72' lang='lat' dir='ltr'><em>Alping</em></span> <span class='ocrx_word' id='word_1_143' title='bbox 366 2643 397 2702; x_wconf 90' lang='lat' dir='ltr'><em>et</em></span> <span class='ocrx_word' id='word_1_144' title='bbox 422 2628 665 2704; x_wconf 70' lang='lat' dir='ltr'><em>ffimiardbmr.</em></span> 
     </span>
    </p>

    <p class='ocr_par' dir='ltr' id='par_1_7' title="bbox 164 2760 1982 3311">
     <span class='ocr_line' id='line_1_16' title="bbox 332 2760 1982 2876; baseline -0.001 -29"><span class='ocrx_word' id='word_1_145' title='bbox 332 2760 547 2847; x_wconf 74' lang='lat' dir='ltr'><em>Judicrbmm</em></span> <span class='ocrx_word' id='word_1_146' title='bbox 575 2776 765 2875; x_wconf 76' lang='lat' dir='ltr'><em>r&#39;rfien&#39;amm</em></span> <span class='ocrx_word' id='word_1_147' title='bbox 792 2776 829 2849; x_wconf 90' lang='lat' dir='ltr'><em>in</em></span> <span class='ocrx_word' id='word_1_148' title='bbox 854 2773 992 2876; x_wconf 77' lang='lat' dir='ltr'><em>singulis</em></span> <span class='ocrx_word' id='word_1_149' title='bbox 1018 2770 1197 2873; x_wconf 81' lang='lat' dir='ltr'><em>toparclu&#39;e&#39;s</em></span> <span class='ocrx_word' id='word_1_150' title='bbox 1229 2770 1452 2873; x_wconf 74' lang='lat' dir='ltr'><em>quadrantum</em></span> <span class='ocrx_word' id='word_1_151' title='bbox 1478 2770 1662 2859; x_wconf 84' lang='lat' dir='ltr'><em>Islandia,</em></span> <span class='ocrx_word' id='word_1_152' title='bbox 1700 2800 1774 2876; x_wconf 80' lang='lat' dir='ltr'><em>qva</em></span> <span class='ocrx_word' id='word_1_153' title='bbox 1805 2772 1982 2874; x_wconf 73' lang='lat' dir='ltr'><em>antiquitus</em></span> 
     </span>
     <span class='ocr_line' id='line_1_17' title="bbox 166 2910 1982 3022; baseline -0.001 -31"><span class='ocrx_word' id='word_1_154' title='bbox 166 2917 271 2992; x_wconf 83' lang='lat' dir='ltr'><em>decim</em></span> <span class='ocrx_word' id='word_1_155' title='bbox 299 2947 437 2993; x_wconf 88' lang='lat' dir='ltr'><em>numero</em></span> <span class='ocrx_word' id='word_1_156' title='bbox 465 2934 559 2994; x_wconf 90' lang='lat' dir='ltr'><em>erant</em></span> <span class='ocrx_word' id='word_1_157' title='bbox 571 2910 623 3012; x_wconf 68' lang='lat'>*&#39;&#39;)</span> <span class='ocrx_word' id='word_1_158' title='bbox 652 2918 706 3012; x_wconf 90' lang='lat' dir='ltr'><em>(ut</em></span> <span class='ocrx_word' id='word_1_159' title='bbox 729 2948 834 3022; x_wconf 87' lang='lat' dir='ltr'><em>supra</em></span> <span class='ocrx_word' id='word_1_160' title='bbox 860 2919 959 2992; x_wconf 78' lang='lat' dir='ltr'><em>iacui</em></span> <span class='ocrx_word' id='word_1_161' title='bbox 977 2947 1017 3019; x_wconf 89' lang='lat' dir='ltr'><em>p.</em></span> <span class='ocrx_word' id='word_1_162' title='bbox 1037 2915 1139 3007; x_wconf 89' lang='lat' dir='ltr'><em>XX)</em></span> <span class='ocrx_word' id='word_1_163' title='bbox 1169 2916 1222 2990; x_wconf 92' lang='lat' dir='ltr'><em>ad</em></span> <span class='ocrx_word' id='word_1_164' title='bbox 1235 2917 1360 3017; x_wconf 85' lang='lat' dir='ltr'><em>sorum</em></span> <span class='ocrx_word' id='word_1_165' title='bbox 1392 2919 1569 2992; x_wconf 69' lang='lat' dir='ltr'><em>muersate</em></span> <span class='ocrx_word' id='word_1_166' title='bbox 1596 2920 1709 2991; x_wconf 74' lang='lat' dir='ltr'><em>relatio</em></span> <span class='ocrx_word' id='word_1_167' title='bbox 1737 2918 1855 2991; x_wconf 89' lang='lat' dir='ltr'><em>eadem</em></span> <span class='ocrx_word' id='word_1_168' title='bbox 1882 2946 1982 2992; x_wconf 89' lang='lat' dir='ltr'><em>mans</em></span> 
     </span>
     <span class='ocr_line' id='line_1_18' title="bbox 164 3060 1982 3167; baseline 0 -31"><span class='ocrx_word' id='word_1_169' title='bbox 164 3065 231 3164; x_wconf 75' lang='lat' dir='ltr'><em>lege</em></span> <span class='ocrx_word' id='word_1_170' title='bbox 261 3060 397 3166; x_wconf 75' lang='lat' dir='ltr'><em>Grdgtis</em></span> <span class='ocrx_word' id='word_1_171' title='bbox 434 3092 508 3167; x_wconf 79' lang='lat' dir='ltr'><em>qva</em></span> <span class='ocrx_word' id='word_1_172' title='bbox 542 3078 641 3140; x_wconf 82' lang='lat' dir='ltr'><em>antea</em></span> <span class='ocrx_word' id='word_1_173' title='bbox 676 3068 825 3140; x_wconf 88' lang='lat' dir='ltr'><em>obtinuit.</em></span> <span class='ocrx_word' id='word_1_174' title='bbox 894 3065 981 3138; x_wconf 89' lang='lat' dir='ltr'><em>Non</em></span> <span class='ocrx_word' id='word_1_175' title='bbox 1017 3063 1062 3135; x_wconf 91' lang='lat' dir='ltr'><em>ab</em></span> <span class='ocrx_word' id='word_1_176' title='bbox 1100 3063 1163 3136; x_wconf 67' lang='lat' dir='ltr'><em>elles</em></span> <span class='ocrx_word' id='word_1_177' title='bbox 1198 3064 1421 3136; x_wconf 83' lang='lat' dir='ltr'><em>tribunalibus</em></span> <span class='ocrx_word' id='word_1_178' title='bbox 1456 3062 1509 3134; x_wconf 88' lang='lat' dir='ltr'><em>ad</em></span> <span class='ocrx_word' id='word_1_179' title='bbox 1540 3064 1604 3136; x_wconf 84' lang='lat' dir='ltr'><em>boc</em></span> <span class='ocrx_word' id='word_1_180' title='bbox 1632 3092 1675 3136; x_wconf 83' lang='lat' dir='ltr'><em>ex</em></span> <span class='ocrx_word' id='word_1_181' title='bbox 1703 3064 1815 3163; x_wconf 74' lang='lat' dir='ltr'><em>regula</em></span> <span class='ocrx_word' id='word_1_182' title='bbox 1841 3062 1982 3164; x_wconf 69' lang='lat' dir='ltr'><em>appellas</em></span> 
     </span>
     <span class='ocr_line' id='line_1_19' title="bbox 167 3197 1948 3311; baseline 0 -31"><span class='ocrx_word' id='word_1_183' title='bbox 167 3209 234 3280; x_wconf 87' lang='lat' dir='ltr'><em>cuit</em></span> <span class='ocrx_word' id='word_1_184' title='bbox 248 3197 336 3297; x_wconf 60' lang='lat' dir='ltr'><em>m),</em></span> <span class='ocrx_word' id='word_1_185' title='bbox 375 3239 474 3311; x_wconf 77' lang='lat' dir='ltr'><em>neqve</em></span> <span class='ocrx_word' id='word_1_186' title='bbox 509 3224 547 3281; x_wconf 88' lang='lat' dir='ltr'><em>ut</em></span> <span class='ocrx_word' id='word_1_187' title='bbox 579 3213 614 3282; x_wconf 88' lang='lat' dir='ltr'><em>in</em></span> <span class='ocrx_word' id='word_1_188' title='bbox 648 3212 765 3311; x_wconf 77' lang='lat' dir='ltr'><em>reliqna</em></span> <span class='ocrx_word' id='word_1_189' title='bbox 798 3202 1022 3310; x_wconf 79' lang='lat' dir='ltr'><em>septemtrione</em></span> <span class='ocrx_word' id='word_1_190' title='bbox 1054 3234 1168 3281; x_wconf 88' lang='lat' dir='ltr'><em>eausa</em></span> <span class='ocrx_word' id='word_1_191' title='bbox 1195 3208 1359 3308; x_wconf 74' lang='lat' dir='ltr'><em>gracebrcs</em></span> <span class='ocrx_word' id='word_1_192' title='bbox 1375 3211 1461 3311; x_wconf 88' lang='lat' dir='ltr'><em>som</em></span> <span class='ocrx_word' id='word_1_193' title='bbox 1490 3209 1666 3283; x_wconf 79' lang='lat' dir='ltr'><em>urciccrsali</em></span> <span class='ocrx_word' id='word_1_194' title='bbox 1690 3208 1948 3282; x_wconf 82' lang='lat' dir='ltr'><em>reservabantur.</em></span> 
     </span>
    </p>
   </div>
   <div class='ocr_carea' id='block_1_6' title="bbox 167 3353 1974 3457">
    <p class='ocr_par' dir='ltr' id='par_1_8' title="bbox 167 3353 1974 3457">
     <span class='ocr_line' id='line_1_20' title="bbox 167 3353 1974 3457; baseline 0.001 -33"><span class='ocrx_word' id='word_1_195' title='bbox 167 3353 273 3425; x_wconf 83' lang='lat' dir='ltr'><em>electio</em></span> <span class='ocrx_word' id='word_1_196' title='bbox 308 3355 516 3454; x_wconf 83' lang='lat' dir='ltr'><em>competebat</em></span> <span class='ocrx_word' id='word_1_197' title='bbox 543 3355 701 3455; x_wconf 87' lang='lat' dir='ltr'><em>partibus</em></span> <span class='ocrx_word' id='word_1_198' title='bbox 730 3354 934 3454; x_wconf 72' lang='lat' dir='ltr'><em>litigantibus</em></span> <span class='ocrx_word' id='word_1_199' title='bbox 961 3366 1083 3453; x_wconf 81' lang='lat' dir='ltr'><em>prater</em></span> <span class='ocrx_word' id='word_1_200' title='bbox 1113 3380 1237 3426; x_wconf 89' lang='lat' dir='ltr'><em>causas</em></span> <span class='ocrx_word' id='word_1_201' title='bbox 1265 3354 1389 3428; x_wconf 75' lang='lat' dir='ltr'><em>viliores</em></span> <span class='ocrx_word' id='word_1_202' title='bbox 1415 3368 1526 3429; x_wconf 87' lang='lat' dir='ltr'><em>utrum</em></span> <span class='ocrx_word' id='word_1_203' title='bbox 1555 3383 1695 3428; x_wconf 90' lang='lat' dir='ltr'><em>causam</em></span> <span class='ocrx_word' id='word_1_204' title='bbox 1718 3355 1832 3457; x_wconf 87' lang='lat' dir='ltr'><em>potius</em></span> <span class='ocrx_word' id='word_1_205' title='bbox 1860 3381 1974 3426; x_wconf 90' lang='lat' dir='ltr'><em>coram</em></span> 
     </span>
    </p>
   </div>
   <div class='ocr_carea' id='block_1_7' title="bbox 167 3487 1982 3745">
    <p class='ocr_par' dir='ltr' id='par_1_9' title="bbox 167 3487 1982 3745">
     <span class='ocr_line' id='line_1_21' title="bbox 168 3487 1982 3606; baseline 0.001 -36"><span class='ocrx_word' id='word_1_206' title='bbox 168 3497 326 3573; x_wconf 77' lang='lat' dir='ltr'><em>domicilii</em></span> <span class='ocrx_word' id='word_1_207' title='bbox 349 3500 414 3572; x_wconf 77' lang='lat' dir='ltr'><em>sine</em></span> <span class='ocrx_word' id='word_1_208' title='bbox 441 3502 560 3573; x_wconf 84' lang='lat' dir='ltr'><em>actoris</em></span> <span class='ocrx_word' id='word_1_209' title='bbox 577 3537 627 3550; x_wconf 88' lang='lat'>—</span> <span class='ocrx_word' id='word_1_210' title='bbox 645 3499 693 3591; x_wconf 87' lang='lat' dir='ltr'><em>(V</em></span> <span class='ocrx_word' id='word_1_211' title='bbox 693 3497 834 3595; x_wconf 74' lang='lat' dir='ltr'><em>arping)</em></span> <span class='ocrx_word' id='word_1_212' title='bbox 854 3534 900 3548; x_wconf 88' lang='lat'><em>-</em></span> <span class='ocrx_word' id='word_1_213' title='bbox 922 3500 987 3571; x_wconf 78' lang='lat' dir='ltr'><em>sice</em></span> <span class='ocrx_word' id='word_1_214' title='bbox 1013 3499 1062 3570; x_wconf 90' lang='lat' dir='ltr'><em>rei</em></span> <span class='ocrx_word' id='word_1_215' title='bbox 1085 3525 1133 3569; x_wconf 91' lang='lat' dir='ltr'><em>an</em></span> <span class='ocrx_word' id='word_1_216' title='bbox 1161 3524 1275 3570; x_wconf 91' lang='lat' dir='ltr'><em>coram</em></span> <span class='ocrx_word' id='word_1_217' title='bbox 1302 3502 1464 3599; x_wconf 87' lang='lat' dir='ltr'><em>superiore</em></span> <span class='ocrx_word' id='word_1_218' title='bbox 1487 3503 1640 3606; x_wconf 73' lang='lat' dir='ltr'><em>persequi</em></span> <span class='ocrx_word' id='word_1_219' title='bbox 1663 3487 1852 3589; x_wconf 69' lang='lat' dir='ltr'><em>cellet”*&#39;)</em></span> <span class='ocrx_word' id='word_1_220' title='bbox 1880 3501 1947 3596; x_wconf 69' lang='lat' dir='ltr'><em>pp</em></span> <span class='ocrx_word' id='word_1_221' title='bbox 1975 3535 1982 3572; x_wconf 89' lang='lat' dir='ltr'><em>t</em></span> 
     </span>
     <span class='ocr_line' id='line_1_22' title="bbox 167 3642 1982 3745; baseline 0.001 -28"><span class='ocrx_word' id='word_1_222' title='bbox 167 3642 213 3734; x_wconf 91' lang='lat' dir='ltr'><em>(I.</em></span> <span class='ocrx_word' id='word_1_223' title='bbox 231 3673 270 3745; x_wconf 88' lang='lat' dir='ltr'><em>p.</em></span> <span class='ocrx_word' id='word_1_224' title='bbox 292 3642 385 3734; x_wconf 79' lang='lat'>103)</span> <span class='ocrx_word' id='word_1_225' title='bbox 407 3647 475 3719; x_wconf 73' lang='lat' dir='ltr'><em>nesi</em></span> <span class='ocrx_word' id='word_1_226' title='bbox 493 3672 608 3720; x_wconf 84' lang='lat' dir='ltr'><em>causa</em></span> <span class='ocrx_word' id='word_1_227' title='bbox 623 3646 827 3719; x_wconf 82' lang='lat' dir='ltr'><em>mulctatitia</em></span> <span class='ocrx_word' id='word_1_228' title='bbox 845 3644 975 3717; x_wconf 71' lang='lat' dir='ltr'><em>leubus</em></span> <span class='ocrx_word' id='word_1_229' title='bbox 995 3645 1123 3721; x_wconf 78' lang='lat' dir='ltr'><em>luerid.</em></span> <span class='ocrx_word' id='word_1_230' title='bbox 1181 3642 1244 3715; x_wconf 88' lang='lat' dir='ltr'><em>Sin</em></span> <span class='ocrx_word' id='word_1_231' title='bbox 1265 3657 1378 3717; x_wconf 75' lang='lat' dir='ltr'><em>aretem</em></span> <span class='ocrx_word' id='word_1_232' title='bbox 1398 3643 1466 3717; x_wconf 91' lang='lat' dir='ltr'><em>duo</em></span> <span class='ocrx_word' id='word_1_233' title='bbox 1489 3658 1593 3718; x_wconf 85' lang='lat' dir='ltr'><em>essent</em></span> <span class='ocrx_word' id='word_1_234' title='bbox 1615 3660 1742 3720; x_wconf 87' lang='lat' dir='ltr'><em>actores</em></span> <span class='ocrx_word' id='word_1_235' title='bbox 1763 3649 1798 3719; x_wconf 86' lang='lat' dir='ltr'><em>in</em></span> <span class='ocrx_word' id='word_1_236' title='bbox 1821 3646 1939 3720; x_wconf 89' lang='lat' dir='ltr'><em>eadem</em></span> <span class='ocrx_word' id='word_1_237' title='bbox 1962 3674 1982 3719; x_wconf 84' lang='lat' dir='ltr'><em>a</em></span> 
     </span>
    </p>
   </div>
   <div class='ocr_carea' id='block_1_8' title="bbox 245 3990 1982 4372">
    <p class='ocr_par' dir='ltr' id='par_1_10' title="bbox 245 3990 1982 4372">
     <span class='ocr_line' id='line_1_23' title="bbox 245 3990 1982 4077; baseline 0.003 -27"><span class='ocrx_word' id='word_1_238' title='bbox 245 3990 278 4061; x_wconf 85' lang='lat'><em>*)</em></span> <span class='ocrx_word' id='word_1_239' title='bbox 312 3992 388 4050; x_wconf 90' lang='lat' dir='ltr'><em>Non</em></span> <span class='ocrx_word' id='word_1_240' title='bbox 421 4001 527 4049; x_wconf 89' lang='lat' dir='ltr'><em>tamen</em></span> <span class='ocrx_word' id='word_1_241' title='bbox 559 3992 666 4052; x_wconf 87' lang='lat' dir='ltr'><em>dubito</em></span> <span class='ocrx_word' id='word_1_242' title='bbox 696 3993 771 4071; x_wconf 81' lang='lat' dir='ltr'><em>qvin</em></span> <span class='ocrx_word' id='word_1_243' title='bbox 805 3994 887 4051; x_wconf 80' lang='lat' dir='ltr'><em>servi</em></span> <span class='ocrx_word' id='word_1_244' title='bbox 918 3993 1082 4072; x_wconf 79' lang='lat' dir='ltr'><em>qvoestioni</em></span> <span class='ocrx_word' id='word_1_245' title='bbox 1112 3991 1287 4052; x_wconf 73' lang='lat' dir='ltr'><em>odacrum</em></span> <span class='ocrx_word' id='word_1_246' title='bbox 1311 3993 1480 4053; x_wconf 80' lang='lat' dir='ltr'><em>elisendum</em></span> <span class='ocrx_word' id='word_1_247' title='bbox 1505 3998 1619 4073; x_wconf 84' lang='lat' dir='ltr'><em>saepius</em></span> <span class='ocrx_word' id='word_1_248' title='bbox 1643 3995 1775 4070; x_wconf 87' lang='lat' dir='ltr'><em>subjecti</em></span> <span class='ocrx_word' id='word_1_249' title='bbox 1789 3995 1938 4073; x_wconf 82' lang='lat' dir='ltr'><em>suerint,</em></span> <span class='ocrx_word' id='word_1_250' title='bbox 1972 4020 1982 4077; x_wconf 69' lang='grc' dir='ltr'>ς</span> 
     </span>
     <span class='ocr_line' id='line_1_24' title="bbox 300 4090 1972 4176; baseline 0.005 -28"><span class='ocrx_word' id='word_1_251' title='bbox 300 4093 354 4171; x_wconf 81' lang='lat' dir='ltr'><em>qvi</em></span> <span class='ocrx_word' id='word_1_252' title='bbox 380 4111 401 4148; x_wconf 92' lang='lat' dir='ltr'><em>a</em></span> <span class='ocrx_word' id='word_1_253' title='bbox 428 4094 597 4149; x_wconf 86' lang='lat' dir='ltr'><em>communis</em></span> <span class='ocrx_word' id='word_1_254' title='bbox 613 4094 704 4167; x_wconf 85' lang='lat' dir='ltr'><em>juris</em></span> <span class='ocrx_word' id='word_1_255' title='bbox 728 4090 872 4167; x_wconf 81' lang='lat' dir='ltr'><em>beneficio</em></span> <span class='ocrx_word' id='word_1_256' title='bbox 898 4104 995 4150; x_wconf 85' lang='lat' dir='ltr'><em>essent</em></span> <span class='ocrx_word' id='word_1_257' title='bbox 1020 4092 1144 4150; x_wconf 76' lang='lat' dir='ltr'><em>exclusi.</em></span> <span class='ocrx_word' id='word_1_258' title='bbox 1196 4093 1235 4151; x_wconf 88' lang='lat' dir='ltr'><em>In</em></span> <span class='ocrx_word' id='word_1_259' title='bbox 1260 4092 1401 4151; x_wconf 82' lang='lat' dir='ltr'><em>historiis</em></span> <span class='ocrx_word' id='word_1_260' title='bbox 1422 4093 1620 4153; x_wconf 86' lang='lat' dir='ltr'><em>Islandorum</em></span> <span class='ocrx_word' id='word_1_261' title='bbox 1646 4108 1810 4153; x_wconf 86' lang='lat' dir='ltr'><em>occurrunt</em></span> <span class='ocrx_word' id='word_1_262' title='bbox 1832 4098 1972 4176; x_wconf 86' lang='lat' dir='ltr'><em>exempla</em></span> 
     </span>
     <span class='ocr_line' id='line_1_25' title="bbox 300 4189 1982 4275; baseline 0.005 -26"><span class='ocrx_word' id='word_1_263' title='bbox 300 4193 432 4249; x_wconf 80' lang='lat' dir='ltr'><em>ctionem</em></span> <span class='ocrx_word' id='word_1_264' title='bbox 456 4192 491 4248; x_wconf 87' lang='lat' dir='ltr'><em>in</em></span> <span class='ocrx_word' id='word_1_265' title='bbox 516 4212 617 4251; x_wconf 73' lang='lat' dir='ltr'><em>servos</em></span> <span class='ocrx_word' id='word_1_266' title='bbox 643 4192 762 4251; x_wconf 87' lang='lat' dir='ltr'><em>alienos</em></span> <span class='ocrx_word' id='word_1_267' title='bbox 787 4193 822 4248; x_wconf 87' lang='lat' dir='ltr'><em>in</em></span> <span class='ocrx_word' id='word_1_268' title='bbox 847 4191 997 4250; x_wconf 73' lang='lat' dir='ltr'><em>maleicio</em></span> <span class='ocrx_word' id='word_1_269' title='bbox 1023 4189 1220 4270; x_wconf 83' lang='lat' dir='ltr'><em>deprebensae</em></span> <span class='ocrx_word' id='word_1_270' title='bbox 1235 4191 1342 4269; x_wconf 82' lang='lat' dir='ltr'><em>fuisse</em></span> <span class='ocrx_word' id='word_1_271' title='bbox 1366 4193 1563 4263; x_wconf 73' lang='lat' dir='ltr'><em>adhibitam,</em></span> <span class='ocrx_word' id='word_1_272' title='bbox 1588 4214 1642 4251; x_wconf 81' lang='lat' dir='ltr'><em>reec</em></span> <span class='ocrx_word' id='word_1_273' title='bbox 1666 4193 1724 4253; x_wconf 80' lang='grc' dir='ltr'><em>Ιιοο</em></span> <span class='ocrx_word' id='word_1_274' title='bbox 1746 4199 1899 4275; x_wconf 80' lang='lat' dir='ltr'><em>torqaenti</em></span> <span class='ocrx_word' id='word_1_275' title='bbox 1920 4200 1982 4256; x_wconf 72' lang='lat' dir='ltr'><em>uiti</em></span> 
     </span>
     <span class='ocr_line' id='line_1_26' title="bbox 301 4290 1658 4372; baseline 0.002 -23"><span class='ocrx_word' id='word_1_276' title='bbox 301 4300 367 4349; x_wconf 88' lang='lat' dir='ltr'><em>tum</em></span> <span class='ocrx_word' id='word_1_277' title='bbox 382 4290 513 4367; x_wconf 88' lang='lat' dir='ltr'><em>fuisse,·</em></span> <span class='ocrx_word' id='word_1_278' title='bbox 544 4293 640 4351; x_wconf 86' lang='lat' dir='ltr'><em>multo</em></span> <span class='ocrx_word' id='word_1_279' title='bbox 666 4294 771 4369; x_wconf 85' lang='lat' dir='ltr'><em>magis</em></span> <span class='ocrx_word' id='word_1_280' title='bbox 797 4292 862 4350; x_wconf 87' lang='lat' dir='ltr'><em>tals</em></span> <span class='ocrx_word' id='word_1_281' title='bbox 882 4295 939 4362; x_wconf 81' lang='lat' dir='ltr'><em>jus</em></span> <span class='ocrx_word' id='word_1_282' title='bbox 964 4290 1085 4350; x_wconf 88' lang='lat' dir='ltr'><em>domino</em></span> <span class='ocrx_word' id='word_1_283' title='bbox 1112 4294 1310 4371; x_wconf 83' lang='lat' dir='ltr'><em>inpropriae</em></span> <span class='ocrx_word' id='word_1_284' title='bbox 1335 4314 1437 4354; x_wconf 77' lang='lat' dir='ltr'><em>servos</em></span> <span class='ocrx_word' id='word_1_285' title='bbox 1461 4293 1658 4372; x_wconf 81' lang='lat' dir='ltr'><em>competebat.</em></span> 
     </span>
    </p>
   </div>
   <div class='ocr_carea' id='block_1_9' title="bbox 227 4423 1982 4613">
    <p class='ocr_par' dir='ltr' id='par_1_11' title="bbox 227 4423 1982 4613">
     <span class='ocr_line' id='line_1_27' title="bbox 227 4423 1982 4503; baseline 0.005 -22"><span class='ocrx_word' id='word_1_286' title='bbox 227 4424 276 4494; x_wconf 62' lang='grc' dir='ltr'><em>*Ὁ</em></span> <span class='ocrx_word' id='word_1_287' title='bbox 308 4425 421 4482; x_wconf 86' lang='lat' dir='ltr'><em>Potuit</em></span> <span class='ocrx_word' id='word_1_288' title='bbox 446 4435 550 4482; x_wconf 89' lang='lat' dir='ltr'><em>tamen</em></span> <span class='ocrx_word' id='word_1_289' title='bbox 573 4423 626 4484; x_wconf 83' lang='lat' dir='ltr'><em>leia</em></span> <span class='ocrx_word' id='word_1_290' title='bbox 651 4446 793 4484; x_wconf 87' lang='lat' dir='ltr'><em>numerus</em></span> <span class='ocrx_word' id='word_1_291' title='bbox 816 4446 963 4486; x_wconf 86' lang='lat' dir='ltr'><em>consensu</em></span> <span class='ocrx_word' id='word_1_292' title='bbox 985 4427 1162 4484; x_wconf 85' lang='lat' dir='ltr'><em>incolarum</em></span> <span class='ocrx_word' id='word_1_293' title='bbox 1183 4437 1212 4483; x_wconf 91' lang='lat' dir='ltr'><em>et</em></span> <span class='ocrx_word' id='word_1_294' title='bbox 1235 4430 1481 4503; x_wconf 80' lang='lat' dir='ltr'><em>magistratuum</em></span> <span class='ocrx_word' id='word_1_295' title='bbox 1505 4429 1664 4488; x_wconf 85' lang='lat' dir='ltr'><em>accedente</em></span> <span class='ocrx_word' id='word_1_296' title='bbox 1685 4432 1875 4488; x_wconf 88' lang='lat' dir='ltr'><em>auctoritate</em></span> <span class='ocrx_word' id='word_1_297' title='bbox 1895 4443 1982 4489; x_wconf 88' lang='lat' dir='ltr'><em>senat</em></span> 
     </span>
     <span class='ocr_line' id='line_1_28' title="bbox 301 4519 1495 4613; baseline 0.003 -31"><span class='ocrx_word' id='word_1_298' title='bbox 301 4521 442 4602; x_wconf 82' lang='lat' dir='ltr'><em>Altbing</em></span> <span class='ocrx_word' id='word_1_299' title='bbox 466 4527 653 4601; x_wconf 76' lang='lat' dir='ltr'><em>congregati</em></span> <span class='ocrx_word' id='word_1_300' title='bbox 675 4526 725 4584; x_wconf 77' lang='lat' dir='ltr'><em>eet</em></span> <span class='ocrx_word' id='word_1_301' title='bbox 749 4529 861 4603; x_wconf 77' lang='lat' dir='ltr'><em>augeri</em></span> <span class='ocrx_word' id='word_1_302' title='bbox 884 4527 934 4585; x_wconf 78' lang='lat' dir='ltr'><em>cel</em></span> <span class='ocrx_word' id='word_1_303' title='bbox 957 4528 1058 4584; x_wconf 89' lang='lat' dir='ltr'><em>minui</em></span> <span class='ocrx_word' id='word_1_304' title='bbox 1083 4519 1143 4613; x_wconf 66' lang='lat' dir='ltr'><em>Hs.</em></span> <span class='ocrx_word' id='word_1_305' title='bbox 1171 4545 1196 4582; x_wconf 89' lang='lat' dir='ltr'><em>c.</em></span> <span class='ocrx_word' id='word_1_306' title='bbox 1217 4528 1258 4586; x_wconf 77' lang='lat'><em>39</em></span> <span class='ocrx_word' id='word_1_307' title='bbox 1285 4528 1328 4597; x_wconf 85' lang='lat' dir='ltr'><em>(I.</em></span> <span class='ocrx_word' id='word_1_308' title='bbox 1351 4548 1384 4605; x_wconf 90' lang='lat' dir='ltr'><em>p.</em></span> <span class='ocrx_word' id='word_1_309' title='bbox 1405 4531 1495 4599; x_wconf 83' lang='lat'><em>116).</em></span> 
     </span>
    </p>
   </div>
   <div class='ocr_carea' id='block_1_10' title="bbox 212 4658 1982 4941">
    <p class='ocr_par' dir='ltr' id='par_1_12' title="bbox 212 4658 1982 4941">
     <span class='ocr_line' id='line_1_29' title="bbox 212 4658 1980 4742; baseline 0.005 -26"><span class='ocrx_word' id='word_1_310' title='bbox 212 4659 277 4733; x_wconf 56' lang='grc' dir='ltr'><em>Μ)</em></span> <span class='ocrx_word' id='word_1_311' title='bbox 309 4659 451 4717; x_wconf 83' lang='lat' dir='ltr'><em>Assertio</em></span> <span class='ocrx_word' id='word_1_312' title='bbox 474 4658 579 4720; x_wconf 74' lang='lat' dir='ltr'><em>iacobi</em></span> <span class='ocrx_word' id='word_1_313' title='bbox 603 4658 724 4719; x_wconf 72' lang='lat' dir='ltr'><em>Glimm</em></span> <span class='ocrx_word' id='word_1_314' title='bbox 751 4660 790 4719; x_wconf 83' lang='lat' dir='ltr'><em>V.</em></span> <span class='ocrx_word' id='word_1_315' title='bbox 814 4660 860 4719; x_wconf 82' lang='lat' dir='ltr'><em>Cl.</em></span> <span class='ocrx_word' id='word_1_316' title='bbox 886 4661 921 4717; x_wconf 88' lang='lat' dir='ltr'><em>in</em></span> <span class='ocrx_word' id='word_1_317' title='bbox 945 4660 1033 4719; x_wconf 90' lang='lat' dir='ltr'><em>docto</em></span> <span class='ocrx_word' id='word_1_318' title='bbox 1059 4680 1163 4736; x_wconf 86' lang='lat' dir='ltr'><em>opere:</em></span> <span class='ocrx_word' id='word_1_319' title='bbox 1188 4659 1331 4720; x_wconf 79' lang='lat' dir='ltr'><em>deutsche</em></span> <span class='ocrx_word' id='word_1_320' title='bbox 1355 4661 1676 4721; x_wconf 78' lang='lat' dir='ltr'><em>Recluealtertliiimer</em></span> <span class='ocrx_word' id='word_1_321' title='bbox 1693 4683 1728 4739; x_wconf 89' lang='lat' dir='ltr'><em>p.</em></span> <span class='ocrx_word' id='word_1_322' title='bbox 1748 4664 1811 4720; x_wconf 84' lang='grc'><em>836</em></span> <span class='ocrx_word' id='word_1_323' title='bbox 1839 4666 1980 4742; x_wconf 87' lang='lat' dir='ltr'><em>appellat</em></span> 
     </span>
     <span class='ocr_line' id='line_1_30' title="bbox 301 4757 1982 4840; baseline 0.004 -23"><span class='ocrx_word' id='word_1_324' title='bbox 301 4763 407 4817; x_wconf 81' lang='lat' dir='ltr'><em>stricte</em></span> <span class='ocrx_word' id='word_1_325' title='bbox 431 4761 477 4818; x_wconf 87' lang='lat' dir='ltr'><em>sic</em></span> <span class='ocrx_word' id='word_1_326' title='bbox 502 4757 621 4816; x_wconf 86' lang='lat' dir='ltr'><em>dictam</em></span> <span class='ocrx_word' id='word_1_327' title='bbox 646 4759 733 4837; x_wconf 86' lang='lat' dir='ltr'><em>apud</em></span> <span class='ocrx_word' id='word_1_328' title='bbox 750 4760 923 4819; x_wconf 84' lang='lat' dir='ltr'><em>Germanos</em></span> <span class='ocrx_word' id='word_1_329' title='bbox 947 4771 978 4817; x_wconf 91' lang='lat' dir='ltr'><em>et</em></span> <span class='ocrx_word' id='word_1_330' title='bbox 999 4760 1270 4836; x_wconf 83' lang='lat' dir='ltr'><em>Septemtrionales</em></span> <span class='ocrx_word' id='word_1_331' title='bbox 1296 4781 1318 4820; x_wconf 93' lang='lat' dir='ltr'><em>a</em></span> <span class='ocrx_word' id='word_1_332' title='bbox 1333 4762 1422 4839; x_wconf 88' lang='lat' dir='ltr'><em>foris</em></span> <span class='ocrx_word' id='word_1_333' title='bbox 1447 4762 1646 4839; x_wconf 83' lang='lat' dir='ltr'><em>inferioribus</em></span> <span class='ocrx_word' id='word_1_334' title='bbox 1671 4763 1717 4821; x_wconf 90' lang='lat' dir='ltr'><em>ad</em></span> <span class='ocrx_word' id='word_1_335' title='bbox 1738 4767 1900 4840; x_wconf 83' lang='lat' dir='ltr'><em>superiora</em></span> <span class='ocrx_word' id='word_1_336' title='bbox 1915 4771 1982 4840; x_wconf 89' lang='lat' dir='ltr'><em>jan</em></span> 
     </span>
     <span class='ocr_line' id='line_1_31' title="bbox 301 4857 1698 4941; baseline 0.004 -27"><span class='ocrx_word' id='word_1_337' title='bbox 301 4860 433 4935; x_wconf 78' lang='lat' dir='ltr'><em>tiqaitus</em></span> <span class='ocrx_word' id='word_1_338' title='bbox 461 4857 628 4917; x_wconf 85' lang='lat' dir='ltr'><em>obtinuisse</em></span> <span class='ocrx_word' id='word_1_339' title='bbox 652 4860 765 4920; x_wconf 84' lang='lat' dir='ltr'><em>saltem</em></span> <span class='ocrx_word' id='word_1_340' title='bbox 789 4858 891 4941; x_wconf 73' lang='lat' dir='ltr'><em>quoad</em></span> <span class='ocrx_word' id='word_1_341' title='bbox 910 4870 1019 4938; x_wconf 81' lang='lat' dir='ltr'><em>gentes</em></span> <span class='ocrx_word' id='word_1_342' title='bbox 1044 4861 1305 4936; x_wconf 74' lang='lat' dir='ltr'><em>septemtrionales</em></span> <span class='ocrx_word' id='word_1_343' title='bbox 1329 4881 1457 4921; x_wconf 87' lang='lat' dir='ltr'><em>erronea</em></span> <span class='ocrx_word' id='word_1_344' title='bbox 1483 4860 1545 4921; x_wconf 78' lang='lat' dir='ltr'><em>esse</em></span> <span class='ocrx_word' id='word_1_345' title='bbox 1569 4862 1698 4921; x_wconf 74' lang='lat' dir='ltr'><em>uidetur.</em></span> 
     </span>
    </p>
   </div>
   <div class='ocr_carea' id='block_1_11' title="bbox 197 4987 1973 5285">
    <p class='ocr_par' dir='ltr' id='par_1_13' title="bbox 197 4987 1973 5285">
     <span class='ocr_line' id='line_1_32' title="bbox 197 4987 1971 5083; baseline 0.022 -64"><span class='ocrx_word' id='word_1_346' title='bbox 197 4987 281 5058; x_wconf 67' lang='lat' dir='ltr'><em>sess)</em></span> <span class='ocrx_word' id='word_1_347' title='bbox 313 4988 481 5064; x_wconf 51' lang='lat' dir='ltr'><em>Singula„</em></span> <span class='ocrx_word' id='word_1_348' title='bbox 514 5003 559 5049; x_wconf 69' lang='lat' dir='ltr'><em>m</em></span> <span class='ocrx_word' id='word_1_349' title='bbox 583 4994 665 5071; x_wconf 71' lang='lat' dir='ltr'><em>qvod</em></span> <span class='ocrx_word' id='word_1_350' title='bbox 686 4988 749 5083; x_wconf 69' lang='lat' dir='ltr'><em>1sp</em></span> <span class='ocrx_word' id='word_1_351' title='bbox 774 4994 875 5053; x_wconf 85' lang='lat' dir='ltr'><em>eadem</em></span> <span class='ocrx_word' id='word_1_352' title='bbox 900 5013 969 5071; x_wconf 82' lang='lat' dir='ltr'><em>cap.</em></span> <span class='ocrx_word' id='word_1_353' title='bbox 988 4995 1029 5052; x_wconf 78' lang='lat'><em>³7</em></span> <span class='ocrx_word' id='word_1_354' title='bbox 1054 4992 1097 5066; x_wconf 82' lang='lat' dir='ltr'><em>(l.</em></span> <span class='ocrx_word' id='word_1_355' title='bbox 1121 5014 1154 5071; x_wconf 89' lang='lat' dir='ltr'><em>p.</em></span> <span class='ocrx_word' id='word_1_356' title='bbox 1172 4995 1252 5064; x_wconf 84' lang='lat'>100)</span> <span class='ocrx_word' id='word_1_357' title='bbox 1279 4998 1383 5054; x_wconf 85' lang='lat' dir='ltr'><em>actori</em></span> <span class='ocrx_word' id='word_1_358' title='bbox 1407 4996 1562 5073; x_wconf 76' lang='lat' dir='ltr'><em>relinquat</em></span> <span class='ocrx_word' id='word_1_359' title='bbox 1578 4998 1639 5067; x_wconf 84' lang='lat' dir='ltr'><em>jus</em></span> <span class='ocrx_word' id='word_1_360' title='bbox 1663 5016 1749 5054; x_wconf 87' lang='lat' dir='ltr'><em>reum</em></span> <span class='ocrx_word' id='word_1_361' title='bbox 1775 4996 1899 5055; x_wconf 80' lang='lat' dir='ltr'><em>citandi</em></span> <span class='ocrx_word' id='word_1_362' title='bbox 1924 5000 1971 5058; x_wconf 86' lang='lat' dir='ltr'><em>ad</em></span> 
     </span>
     <span class='ocr_line' id='line_1_33' title="bbox 303 5087 1973 5182; baseline 0.01 -40"><span class='ocrx_word' id='word_1_363' title='bbox 303 5091 452 5158; x_wconf 79' lang='lat' dir='ltr'><em>(actoris)</em></span> <span class='ocrx_word' id='word_1_364' title='bbox 473 5088 588 5165; x_wconf 85' lang='lat' dir='ltr'><em>forum</em></span> <span class='ocrx_word' id='word_1_365' title='bbox 609 5114 679 5171; x_wconf 86' lang='lat' dir='ltr'><em>pree</em></span> <span class='ocrx_word' id='word_1_366' title='bbox 697 5094 774 5171; x_wconf 79' lang='lat' dir='ltr'><em>foro</em></span> <span class='ocrx_word' id='word_1_367' title='bbox 803 5093 956 5152; x_wconf 79' lang='lat' dir='ltr'><em>domicilii</em></span> <span class='ocrx_word' id='word_1_368' title='bbox 986 5095 1052 5153; x_wconf 88' lang='lat' dir='ltr'><em>rei:</em></span> <span class='ocrx_word' id='word_1_369' title='bbox 1085 5092 1191 5152; x_wconf 76' lang='lat' dir='ltr'><strong>Manui</strong></span> <span class='ocrx_word' id='word_1_370' title='bbox 1216 5113 1250 5152; x_wconf 86' lang='lat' dir='ltr'><em>er</em></span> <span class='ocrx_word' id='word_1_371' title='bbox 1273 5102 1335 5153; x_wconf 88' lang='lat' dir='ltr'><em>rett</em></span> <span class='ocrx_word' id='word_1_372' title='bbox 1358 5102 1388 5153; x_wconf 84' lang='lat' dir='ltr'><em>ct</em></span> <span class='ocrx_word' id='word_1_373' title='bbox 1412 5094 1505 5153; x_wconf 73' lang='lat' dir='ltr'><em>steina</em></span> <span class='ocrx_word' id='word_1_374' title='bbox 1530 5095 1543 5152; x_wconf 92' lang='lat' dir='ltr'><em>i</em></span> <span class='ocrx_word' id='word_1_375' title='bbox 1569 5087 1623 5181; x_wconf 64' lang='lat' dir='ltr'><em>pst</em></span> <span class='ocrx_word' id='word_1_376' title='bbox 1648 5089 1739 5182; x_wconf 53' lang='lat' dir='ltr'><em>[unffi</em></span> <span class='ocrx_word' id='word_1_377' title='bbox 1773 5117 1808 5156; x_wconf 87' lang='lat' dir='ltr'><em>er</em></span> <span class='ocrx_word' id='word_1_378' title='bbox 1831 5095 1913 5159; x_wconf 77' lang='lat' dir='ltr'><em>hana</em></span> <span class='ocrx_word' id='word_1_379' title='bbox 1937 5118 1973 5159; x_wconf 84' lang='lat' dir='ltr'><em>er</em></span> 
     </span>
     <span class='ocr_line' id='line_1_34' title="bbox 302 5184 1825 5285; baseline 0.009 -43"><span class='ocrx_word' id='word_1_380' title='bbox 302 5186 329 5260; x_wconf 88' lang='lat' dir='ltr'><em>i,</em></span> <span class='ocrx_word' id='word_1_381' title='bbox 365 5185 441 5244; x_wconf 82' lang='lat' dir='ltr'><em>enda</em></span> <span class='ocrx_word' id='word_1_382' title='bbox 465 5206 499 5246; x_wconf 88' lang='lat' dir='ltr'><em>er</em></span> <span class='ocrx_word' id='word_1_383' title='bbox 524 5197 584 5250; x_wconf 69' lang='lat' dir='ltr'><em>rect</em></span> <span class='ocrx_word' id='word_1_384' title='bbox 608 5200 638 5250; x_wconf 84' lang='lat' dir='ltr'><em>et</em></span> <span class='ocrx_word' id='word_1_385' title='bbox 662 5193 758 5252; x_wconf 78' lang='lat' dir='ltr'><em>stefnn</em></span> <span class='ocrx_word' id='word_1_386' title='bbox 782 5194 817 5252; x_wconf 88' lang='lat' dir='ltr'><em>til</em></span> <span class='ocrx_word' id='word_1_387' title='bbox 844 5186 916 5279; x_wconf 70' lang='lat' dir='ltr'><em>[mss</em></span> <span class='ocrx_word' id='word_1_388' title='bbox 942 5184 1050 5280; x_wconf 59' lang='lat' dir='ltr'><em>pinge,</em></span> <span class='ocrx_word' id='word_1_389' title='bbox 1082 5210 1116 5285; x_wconf 79' lang='lat' dir='ltr'><em>cr</em></span> <span class='ocrx_word' id='word_1_390' title='bbox 1142 5211 1173 5250; x_wconf 81' lang='lat' dir='ltr'><em>se</em></span> <span class='ocrx_word' id='word_1_391' title='bbox 1198 5210 1232 5250; x_wconf 85' lang='lat' dir='ltr'><em>er</em></span> <span class='ocrx_word' id='word_1_392' title='bbox 1256 5192 1283 5267; x_wconf 82' lang='lat' dir='ltr'><em>i,</em></span> <span class='ocrx_word' id='word_1_393' title='bbox 1315 5212 1349 5252; x_wconf 85' lang='lat' dir='ltr'><em>er</em></span> <span class='ocrx_word' id='word_1_394' title='bbox 1374 5192 1456 5254; x_wconf 82' lang='lat' dir='ltr'><em>hunn</em></span> <span class='ocrx_word' id='word_1_395' title='bbox 1479 5191 1559 5252; x_wconf 85' lang='lat' dir='ltr'><em>hcfir</em></span> <span class='ocrx_word' id='word_1_396' title='bbox 1582 5194 1659 5255; x_wconf 84' lang='lat' dir='ltr'><em>sscir</em></span> <span class='ocrx_word' id='word_1_397' title='bbox 1683 5214 1701 5254; x_wconf 82' lang='lat' dir='ltr'><em>s</em></span> <span class='ocrx_word' id='word_1_398' title='bbox 1724 5195 1825 5256; x_wconf 85' lang='lat' dir='ltr'><em>hendi.</em></span> 
     </span>
    </p>
   </div>
   <div class='ocr_carea' id='block_1_12' title="bbox 0 0 2269 5844">
    <p class='ocr_par' dir='ltr' id='par_1_14' title="bbox 0 0 2269 5844">
     <span class='ocr_line' id='line_1_35' title="bbox 0 0 2269 5844; baseline 0 0"><span class='ocrx_word' id='word_1_399' title='bbox 0 0 2269 5844; x_wconf 95' lang='lat' dir='ltr'><em> </em></span> 
     </span>
    </p>
   </div>
  </div>
 </body>
</html>
