4522 5850
960 224 1324 335 ...6.-

176 520 223 577 oo
252 526 298 576 er
324 495 469 575 hinom
496 490 699 569 vitisioust
723 486 768 567 ef
788 489 1032 595 peirgan'ga
1058 493 1111 594 pa
1176 486 1315 567 dentes
1332 514 1419 567 vem
1435 493 1474 566 si
1489 488 1824 579 locumdederint,
1846 502 2000 566 reatum
2015 488 2111 609 effu·-

178 649 191 724 i
216 648 330 741 brot,
366 672 416 722 eu
441 640 486 721 es
501 640 595 746 peis·
618 638 710 719 hira
734 640 829 743 rip,
858 646 911 743 lso
934 664 981 715 er
999 664 1112 715 rums
1175 641 1310 742 giunt,
1337 642 1375 714 si
1390 653 1551 765 contra,
1579 637 1736 715 sedibus
1758 638 2009 728 reclamatis,
2034 662 2109 713 mo·

132 824 225 889 ner,
257 792 386 887 beist,
430 819 478 869 oo
512 799 657 895 ηψπ
690 797 761 891 pat
792 792 849 864 ΙΙΙ
880 812 1017 863 marco
1050 800 1114 862 ut-
1179 800 1332 876 rantur,
1344 791 1474 864 'trium
1491 812 1709 876 marcarum
1726 785 1913 863 muletam
1929 782 2131 863 subeant(

68 942 71 955 '
178 944 286 1046 legp.
345 928 403 1026 Po
429 941 508 1019 scal
536 935 697 1043 oigaudi
721 934 839 1039 bespo
864 951 949 1012 seta
971 933 1127 1013 sinnar-
1175 931 1397 1011 Adsuendt
1411 938 1502 1040 jure
1521 935 1697 1039 gaudens
1717 934 1846 1010 sedern
1868 959 1987 1011 suam
2007 934 2106 1059 deinf

173 1098 273 1193 ,mep
299 1106 402 1165 vasta
414 1143 427 1182 ,
458 1114 506 1163 oc
533 1094 678 1190 varpor
702 1093 773 1188 pat
798 1074 1109 1209 bbrbavgsgarp,
1177 1082 1242 1172 de,
1266 1083 1427 1160 testibus
1443 1082 1640 1174 adhibitis,
1665 1099 1856 1184 reposcat,
1879 1082 1984 1187 qvod
1997 1078 2131 1160 sido'

179 1237 223 1313 ef
235 1246 287 1339 pa
307 1263 351 1313 er
369 1255 526 1315 vomat.
564 1222 641 1320 Pas
659 1260 728 1309 ero
747 1233 821 1309 aut
839 1230 969 1309 steina
988 1232 1109 1327 sanir,
1177 1246 1358 1335 negatur,
1376 1230 1654 1333 exiiiipoenam
1663 1231 1883 1331 prohibenti
1893 1230 2039 1338 'afim
2053 1233 2105 1307 his

178 1414 225 1462 oc
254 1386 335 1463 scal
365 1384 510 1490 qvopia
540 1383 599 1459 IX
626 1379 808 1458 heimilis
836 1379 917 1459 bua
949 1388 1037 1485 poss
1066 1405 1111 1458 er
1177 1383 1218 1453 in
1237 1379 1393 1455 casibus
1409 1380 1497 1456 dieb
1514 1377 1763 1472 adhibeatur,
1791 1395 1835 1456 et
1853 1406 1990 1458 novem
2009 1387 2104 1488 ejus,

77 1590 83 1608 .
176 1551 284 1611 sotto
305 1560 374 1628 er,
411 1532 457 1608 til
490 1529 685 1638 fibrbsvgs
713 1555 802 1607 saca
831 1555 877 1605 er
904 1529 940 1607 V
971 1527 1019 1603 til
1051 1543 1112 1607 ut·
1176 1533 1218 1602 in
1237 1553 1345 1632 qvem
1364 1533 1512 1632 agitur,
1541 1527 1724 1604 domicilii
1741 1529 1890 1605 accola
1911 1530 2105 1619 evocandi,

177 1684 331 1789 legan
1178 1674 1247 1751 ubi
1276 1682 1317 1750 in
1347 1679 1510 1752 exilium
1542 1682 1688 1783 agian,
1731 1682 1892 1782 quinque
1928 1704 2018 1757 veto
2050 1676 2110 1754 ubi

1048 1852 1051 1857 ·
1173 1845 1292 1924 paena
1315 1829 1540 1924 pecuniaria
1561 1823 1713 1909 subest.

208 1988 211 1993 ’
286 1969 368 2070 ‘Dat
403 2003 448 2052 er
485 2000 532 2050 oo
570 1990 612 2051 ot
649 1973 828 2078 ligretta.
856 1975 939 2051 scal
976 1973 1109 2055 utsara
1173 2026 1176 2031 -
1289 1973 1498 2051 Dicasterii
1522 1980 1644 2051 sossio
1667 1975 1830 2064 outae,
1861 1974 2026 2080 utraque
2048 2004 2109 2055 oo·

180 2121 352 2200 drottins
371 2124 471 2228 daga
491 2123 593 2228 hapa
614 2123 626 2198 i
646 2121 762 2226 {tingi
785 2149 832 2201 00
852 2123 1112 2229 pinglausna·
1178 2125 1368 2198 mitiorum
1393 2128 1572 2227 temporis
1593 2125 1656 2201 die
1675 2123 1892 2214 dominica,
1928 2141 1975 2201 ut
1993 2143 2039 2202 et
2055 2129 2112 2205 die

179 2270 255 2373 dag
268 2325 280 2362 ,
311 2299 359 2347 oc
382 2273 490 2349 svalt
510 2282 598 2376 poss
621 2271 744 2347 imilli
769 2299 814 2348 er
833 2272 1112 2379 lbgsbgomspr
1178 2296 1251 2376 qra
1277 2277 1431 2349 comitia
1457 2273 1681 2361 solvantur,
1715 2272 1926 2374 procedat,
1966 2250 2115 2377 semper

182 2420 250 2493 titt
264 2474 277 2512 ,
313 2420 385 2523 'eps
409 2421 537 2497 moire
564 2422 649 2496 lutr
673 2448 845 2512 monna,
880 2392 927 2498 oo
950 2424 965 2497 i
989 2420 1112 2499 huert
1177 2425 1292 2496 etiam
1320 2421 1443 2511 alias,
1472 2426 1509 2495 si
1535 2420 1596 2498 vel
1620 2422 1881 2526 nomophylax
1908 2421 1974 2497 rel
1997 2430 2114 2530 major

178 2567 270 2643 sinu
298 2594 488 2645 ermeno
518 2568 615 2644 vilia
641 2568 757 2673 rypia
786 2560 971 2674 lbgrbtto.
1030 2554 1112 2654 Par
1163 2568 1425 2673 foripetarum
1450 2593 1544 2670 pars
1571 2568 1737 2671 optdrit,
1776 2569 1838 2645 rel
1861 2570 1901 2661 si
1922 2570 2116 2650 dicasterii

179 2717 286 2791 scolo
300 2743 420 2791 menn
437 2722 537 2792 reita
549 2715 704 2819 lbgsin,
724 2742 770 2791 oc
787 2722 880 2821 gina
894 2718 1057 2824 nymaeli
1071 2715 1117 2796 ef
1177 2740 1417 2794 assessorum
1445 2723 1677 2796 sententiam
1704 2724 1892 2832 erogitare
1920 2724 2030 2799 inter
2052 2748 2113 2799 eos

182 2863 293 2956 vilia,
317 2872 392 2967 bar
410 2865 488 2941 soal
510 2864 626 2965 beipa
648 2871 840 2941 miinnom
860 2892 983 2973 syono
1003 2865 1109 2972 leyfo
1177 2872 1422 2952 convenerim
1448 2867 1509 2941 hic
1525 2866 1627 2971 leges
1641 2880 1735 2942 sunt
1748 2866 2030 2971 reformandoe,
2047 2896 2111 2947 no·

178 3013 274 3087 alirn
281 3067 294 3104 ,
320 3039 367 3089 oc
386 3031 485 3089 satta
507 3012 612 3118 luyso
632 3013 766 3118 peirra
786 3014 904 3108 allra,
930 3041 974 3090 er
994 3017 1109 3093 eines
1178 3013 1289 3089 nella
1300 3012 1487 3119 ferenda·
1510 3021 1546 3090 si
1562 3016 1777 3116 placuerit,·
1796 3010 1866 3091 'hie
1885 3015 2111 3101 aboh'tiones

182 3157 255 3234 loss
274 3159 354 3235 scal
373 3177 415 3235 at
434 3161 568 3263 beipa,
594 3187 641 3234 oc
662 3189 817 3263 margra
839 3160 1107 3257 lofaannara,
1177 3162 2109 3265 suntimpetrandae,omnesqve,decausr'stmns·

179 3331 249 3380 sua
277 3332 360 3383 sem
388 3307 469 3411 tint
496 3334 539 3381 er
568 3307 580 3381 i
610 3308 759 3407 lbgom.
827 3293 904 3390 Pas
928 3308 1009 3384 scal
1037 3311 1112 3385 ollt
1176 3311 1340 3414 igendis,
1356 3317 1494 3403 vertite,
1513 3334 1600 3414 qrae
1609 3339 1681 3413 per
1692 3310 2019 3413 dispensationem
2033 3334 2107 3395 tan·

180 3471 322 3530 metast
350 3482 421 3532 sua
452 3453 464 3529 i
497 3454 690 3558 logretto,
725 3481 807 3531 sem
839 3454 939 3531 lofat
967 3483 1030 3550 se,
1067 3484 1111 3533 er
1177 3473 1257 3533 tum
1276 3463 1546 3562 acquiruntur,
1571 3478 1614 3538 et
1625 3465 1830 3563 permultae
1848 3467 2012 3565 insuper
2025 3468 2106 3543 ab'oe

179 3601 270 3704 engi
300 3611 416 3703 inops
442 3602 590 3694 neitir,
630 3629 669 3678 sa
698 3626 743 3679 er
769 3604 940 3706 lbgretto
963 3620 1046 3679 seto
1068 3634 1108 3699 a,
1177 3611 1217 3679 in
1243 3605 1390 3709 legibus
1412 3625 1649 3684 memoratae.
1711 3612 1759 3684 In
1781 3611 1987 3690 disasterro
2009 3572 2106 3719 quasi

180 3747 280 3823 enda
302 3776 394 3824 vere
414 3750 504 3853 engi
527 3748 649 3853 lyrite
673 3749 776 3854 fyrir
799 3769 896 3828 utan
921 3752 1108 3856 lbgretto.
1176 3764 1403 3830 concessum
1426 3755 1637 3848 habentur,
1668 3760 1836 3861 qvisqrid
1855 3786 1972 3838 nemo
1983 3768 2102 3869 justo-

180 3897 317 3969 Huerr
340 3905 454 3999 mapr
478 3896 612 3998 Peiros
633 3922 678 3970 er
697 3897 866 4001 liigretto
885 3915 968 3975 seto
987 3929 1009 3976 a
1029 3901 1110 3976 scal
1177 3928 1262 3977 rum
1280 3903 1475 3979 dicasterii
1490 3929 1728 3981 assessorum
1746 3907 1929 4012 denegat,
1952 3934 2028 3988 nec
2043 3938 2104 3989 e:-

180 4049 274 4146 gbra
295 4044 576 4148 onnattroggia
598 4072 668 4120 um
689 4042 782 4150 leyfi
803 4043 940 4140 huert,
969 4065 1010 4124 at
1030 4048 1110 4125 iata
1178 4066 1237 4125 tra
1255 4053 1498 4128 ‹hausterium
1517 4055 1717 4130 interdicto
1732 4054 1971 4154 prohibetur.
2023 4058 2104 4165 Qn'·

104 4217 107 4223 ’
179 4196 251 4293 eps
271 4189 373 4285 nito,
394 4192 529 4297 utlagr
549 4190 723 4273 er'hann
743 4193 822 4271 ella
840 4196 896 4271 111
912 4167 1106 4272 mbroom.
1147 4166 1325 4302 ¹cunque
1349 4206 1388 4273 in
1411 4201 1614 4276 dicasterio
1628 4208 1699 4306 jus
1724 4203 1871 4277 habens
1892 4206 2104 4298 adsidendi,

1175 4346 1480 4445 dispensationes
1513 4370 1599 4450 qrae
1625 4366 1859 4450 appetuntur
1884 4354 1947 4428 vel
1970 4382 2105 4435 conoe·

305 4530 321 4563 ,
1010 4478 1025 4552 '-
1173 4494 1264 4569 dere
1284 4494 1345 4570 vel
1360 4495 1550 4599 denegare
1570 4504 1737 4587 tanath,
1759 4504 2106 4581 trium-marearum

1172 4643 1356 4759 mulctam
1378 4645 1475 4717 alias
1496 4643 1572 4718 sibi
1577 4647 1813 4729 contrahit„

291 4780 344 4856 Et
360 4809 480 4858 menn
507 4783 618 4887 bipia
642 4782 721 4860 losa
748 4786 758 4859 i
784 4785 955 4888 lbgretto
977 4810 1045 4860 sua
1068 4801 1109 4861 at
1244 4852 1249 4859 .
1293 4790 1425 4865 Ubiin
1446 4792 1648 4891 dieasten'o
1669 4796 1977 4894 dispensationes
1999 4830 2109 4905 appe·

178 4926 269 5027 peis
295 4957 417 5004 menn
445 4958 514 5006 ero
541 4934 678 5035 ogbsla
704 4942 778 5034 Par
804 4933 964 5009 comnir
987 4943 1107 5034 epra
1177 4954 1338 5026 tuntur,
1375 4967 1510 5016 omnes
1546 4943 1747 5017 adsulendi
1771 4949 1864 5046 jure
1895 4951 2111 5051 gaudentes

181 5075 270 5148 brot
290 5078 460 5178 gengnis
479 5106 523 5153 er
544 5079 714 5181 liigretto
733 5098 816 5155 seto
839 5081 951 5184 eigo,
983 5109 1032 5156 en
1056 5092 1107 5184 po
1166 5088 1389 5189 *priusquam
1415 5096 1593 5178 vestiunt,
1625 5093 1685 5165 rel
1709 5097 1745 5164 si
1766 5099 1903 5167 iterum
1929 5098 2111 5195 abierint,

180 5250 247 5297 cro
276 5224 414 5300 feruor
440 5227 583 5328 tylptir
610 5253 756 5303 manna
784 5237 857 5332 eps
882 5230 1020 5333 heym,
1057 5241 1107 5333 pa
1176 5252 1372 5340 quotenne
1390 5254 1516 5313 tamen
1532 5240 1712 5339 pluresve
1731 5241 2027 5346 O‘oripetarum)
2047 5256 2113 5328 aa.
