4522 5850
774 1225 1029 1330 Addcnda
1063 1244 1116 1330 ct
1149 1225 1493 1376 Corrigenda.

351 1519 421 1593 Ad
440 1549 479 1622 p.
497 1519 622 1596 XXII
633 1510 707 1612 ⁴).,
745 1521 967 1625 Corfirantur
991 1538 1103 1598 tomen
1131 1553 1204 1627 qva
1230 1527 1296 1600 hae
1323 1522 1364 1601 de
1390 1555 1424 1600 re
1451 1526 1496 1600 F.
1514 1524 1733 1601 Johannaus
1759 1474 1863 1602 sirius
1888 1529 2020 1605 addidit
2046 1535 2081 1605 in

167 1658 260 1734 bisc.
288 1663 363 1737 eccl.
393 1664 479 1739 Vot.
498 1664 572 1747 IV.
601 1667 700 1767 App.
724 1697 763 1768 p.
787 1666 981 1745 358-368.
1470 1690 1474 1695 “

352 1809 422 1882 Ad
439 1840 478 1911 p.
498 1808 647 1885 XXVI
667 1814 689 1885 l.
711 1813 747 1886 2.
810 1814 887 1888 Ubi
910 1842 982 1888 eero
1010 1817 1047 1889 in
1074 1817 1149 1916 ipso
1174 1814 1307 1890 Codicis
1333 1830 1426 1890 tectu
1452 1818 1554 1918 hujus
1579 1817 1657 1916 leges
1683 1817 1719 1889 in
1746 1819 1931 1894 universum
1959 1822 2080 1895 metm'o

159 1949 221 2050 fit
248 1951 426 2029 laudata:
459 1952 785 2054 ”Aild1erjarltig.”
2239 2042 2245 2047 ,

349 2098 420 2173 Ad
438 2129 478 2202 p.
496 2099 690 2176 XXXIV.
747 2102 851 2176 Ama
868 2104 1025 2208 Bc'skups
1044 2104 1081 2179 S.
1108 2107 1144 2178 in
1163 2103 1345 2206 Sturtringa
1364 2105 1402 2178 S.
1430 2104 1480 2178 II.
1505 2117 1601 2205 parte
1620 2094 1683 2181 Ψ
1703 2134 1742 2207 p.
1763 2104 1826 2180 16.
1882 2107 1991 2181 Jonce
2007 2108 2083 2183 Ar·

174 2239 389 2344 chiepcseopo
409 2244 625 2319 Nidrosiensi
644 2261 774 2348 partem
799 2251 1012 2349 potissimam
1031 2252 1122 2350 puris
1147 2251 1220 2324 eccl.
1243 2250 1302 2324 Isl.
1330 2253 1528 2336 recentiores,
1558 2251 1649 2352 qood
1672 2251 1765 2350 vulgo
1785 2250 2004 2325 Amoeanum
2025 2280 2082 2327 eo-

173 2399 294 2471 cour,
323 2390 451 2475 tribuit,
479 2418 542 2490 qvo
560 2393 781 2465 testimonium
800 2395 1063 2496 membranoep.
1079 2393 1279 2468 XXXV
1263 2425 1298 2468 ιιι
1315 2408 1398 2471 neta
1412 2394 1590 2471 laudatum
1609 2396 1746 2467 omrn'no
1763 2392 1988 2495 confirmatur.

349 2532 419 2606 Ad
431 2563 469 2634 p.
462 2532 631 2608 .LXIV.
675 2535 899 2610 Memorabile
915 2539 1105 2640 exemplum
1124 2541 1335 2626 auctoritatis,
1362 2480 1461 2640 qiam
1476 2538 1540 2611 Icti
1550 2539 1714 2613 Islandid
1727 2567 1904 2627 exercuere,
1927 2540 2082 2642 suppedi·
2225 2592 2231 2601 -

173 2685 232 2745 tat
258 2674 521 2777 V'tgagiumsS.
551 2707 578 2752 c.
602 2680 649 2757 17
676 2709 715 2780 p.
736 2679 787 2755 96
816 2683 879 2754 ubi
903 2682 944 2755 de
972 2681 1116 2756 Hallio
1145 2684 1331 2756 ethrn'usmi
1353 2693 1497 2783 tcrnp'ore
1524 2697 1697 2770 narratur,
1730 2712 1805 2757 eum
1835 2687 1984 2785 qvamu's
2010 2698 2083 2758 tum

177 2845 309 2892 cacum
336 2825 493 2897 omnibus
519 2825 706 2898 actionibus
732 2826 768 2897 in
794 2827 949 2898 territorio
977 2825 1127 2926 adfuisse
1154 2838 1252 2926 upote
1274 2825 1453 2925 prudentia
1482 2840 1513 2898 ct
1529 2829 1663 2926 justitia
1690 2830 1727 2898 in
1751 2829 1915 2901 sententiis
1928 2829 2083 2928 serendis

179 2939 320 3038 clamne.
391 2967 459 3067 Qvi
489 2969 608 3043 labens
642 2971 826 3042 alc'cnarum
858 2996 1039 3042 causancm
1059 2969 1284 3085 patrocinum
1313 2970 1455 3068 suscepit
1480 2971 1518 3040 in
1544 2966 1719 3043 Laudato
1744 2970 1783 3042 S.
1813 2997 1841 3042 c.
1864 2968 1914 3044 32
1938 3000 1977 3071 p.
2002 2969 2078 3045 itt

184 3121 317 3181 vocatur
345 3109 547 3185 ’'sakamadr
575 3114 634 3204 (al.
664 3130 796 3188 tamen:
823 3112 1011 3210 lagamadr)
1037 3111 1179 3186 mikill.”

349 3255 419 3328 Ad
438 3285 477 3358 p.
495 3256 682 3333 LXVIII.
743 3258 831 3332 Cum
858 3286 921 3344 eo,
946 3258 1037 3359 qood
1059 3260 1114 3331 hic
1140 3258 1182 3330 de
1209 3257 1299 3330 brevi
1322 3258 1461 3330 sectione
1484 3258 1582 3332 dere
1603 3238 1740 3331 nautica
1762 3258 1896 3345 dieitur,
1927 3262 1984 3360 cfr.
2008 3288 2081 3363 qeoe

193 3393 233 3464 t'u
256 3413 316 3473 not.
344 3401 397 3474 ad
419 3416 628 3504 conspectum
659 3403 768 3477 Codd.
797 3432 822 3477 a
853 3405 893 3478 T
892 3404 927 3476 Ιι.
945 3403 1258 3477 Seeinbic'irnsen
1286 3403 1467 3501 corfinum
1492 3431 1531 3502 p.
1555 3400 1684 3476 CLXI
1705 3403 1771 3475 hae
1798 3403 1840 3475 dc
1865 3432 1899 3477 re
1925 3404 2010 3477 aot.
2046 3402 2059 3497 ζ’

350 3546 420 3619 Ad
448 3577 486 3647 p.
510 3546 697 3622 LXXIV.
764 3549 942 3650 Erempiis
976 3549 1018 3621 de
1054 3548 1187 3620 diversis
1221 3545 1334 3618 modis
1370 3547 1520 3644 spatium
1557 3543 1739 3643 deficn‘endi
1772 3575 1817 3620 ex
1847 3547 2081 3648 phanomen'is

199 3680 332 3782 physicis
356 3719 401 3765 ca
432 3688 568 3792 Grdgcis
591 3694 701 3794 petius
728 3693 921 3767 addendum
950 3666 1073 3766 mount
1100 3691 1201 3785 titud,
1237 3688 1329 3790 qvod
1352 3690 1489 3763 occurrit
1514 3691 1549 3761 in
1577 3690 1644 3762 Lb.
1669 3718 1703 3763 ·c.
1725 3687 1773 3767 67
1805 3689 1855 3763 ΙΙ.
1888 3688 1987 3775 380,·
2019 3692 2076 3790 csr.

203 3816 236 3890 6
253 3826 372 3908 Comen.
397 3866 436 3937 p
459 3835 631 3911 CXXVI
644 3828 705 3928 ”.)

350 3980 420 4054 Ad
442 3983 581 4055 eandem
606 4014 645 4084 p
675 3984 698 4056 I.
722 3982 801 4056 18-
812 3983 875 4056 20.
946 3979 1035 4053 Cum
1064 3977 1137 4052 loco
1168 3981 1223 4051 tic
1254 3979 1393 4052 laudato
1425 3979 1491 4072 pp.
1521 4006 1549 4050 e.
1576 3975 1626 4049 53
1659 3976 1892 4079 sufferendum
1923 4006 1998 4078 cap.
2026 3977 2077 4052 Μ

199 4100 504 4228 ‘'⁸V'1gagtunsS.
529 4157 568 4228 p.
592 4125 687 4212 146,
718 4127 806 4199 unde
829 4138 924 4226 patet
940 4129 1020 4225 jam
1049 4152 1141 4198 aneto
1164 4122 1242 4199 985
1273 4125 1434 4196 acteonem
1462 4150 1487 4195 a
1515 4121 1686 4194 Glcmco
1670 4124 1795 4196 nritam
1810 4124 2080 4222 saetamsuise

195 4266 228 4311 '⁰
250 4261 296 4337 de
322 4300 443 4375 causa,
480 4271 569 4372 qvod
593 4272 647 4345 sol
670 4246 775 4343 oriens
794 4272 873 4369 jam
901 4271 936 4342 in
964 4296 1086 4368 campo
1101 4268 1238 4368 forensi
1261 4267 1384 4340 luceret.

351 4415 421 4488 Ad
439 4447 477 4516 p.
497 4414 685 4489 LXXVI
701 4416 722 4488 l.
747 4413 781 4486 5.
845 4414 969 4487 Adde:
1006 4412 1089 4484 Hac
1115 4424 1227 4484 autem
1255 4413 1496 4513 opportunitate
1522 4413 1571 4482 icc
1598 4424 1690 4495 utor,
1729 4422 1766 4483 ut
1791 4412 1896 4483 simul
1913 4412 2078 4510 principia

181 4527 313 4616 Vns
298 4589 333 4632 ιη
364 4562 549 4660 potissimis
574 4561 663 4660 juris
698 4560 796 4631 scedis
829 4572 860 4631 ct
894 4559 1073 4630 criminalis
1107 4585 1205 4656 capp.
1235 4584 1424 4656 exponam,
1464 4557 1582 4656 quibus
1613 4558 1741 4627 sancita
1776 4554 1910 4627 Lbdc'ccs
1943 4548 2079 4665 Grq‘go's

185 4678 349 4792 wutttur,
385 4708 645 4805 mutationesque
680 4703 718 4775 in
729 4700 804 4793 ιΙιίο
836 4703 977 4774 subinde
1000 4704 1138 4803 factas,
1178 4714 1337 4802 qnatenus
1371 4700 1479 4771 ha'
1464 4701 1569 4798 psius
1602 4699 1734 4771 Codicis
1761 4698 1958 4771 testimoniis
1993 4724 2078 4769 con-

176 4814 378 4941 s‘W'tantur,
417 4849 603 4923 commodis
637 4850 789 4921 lectorum
824 4848 1048 4931 deserviturus,
1087 4846 1143 4946 qvi
1174 4846 1311 4917 alias'
1284 4872 1332 4915 ιη
1368 4856 1463 4914 tanta
1496 4842 1699 4941 singuloncm
1726 4834 1927 4914 sancitorum
1953 4842 2079 4941 scepics

185 4986 277 5063 ''¹⁰Ie
310 4996 546 5095 dispositorum
582 4994 742 5091 congerie,
780 5020 849 5063 non
881 4993 948 5063 nisi
976 4991 1108 5103 repetita
1135 4989 1265 5060 lectione
1293 5012 1471 5084 carumque
1499 4984 1638 5055 assidua
1666 4986 1913 5086 comparatione
1939 4982 2141 5085 sienim.

188 5132 337 5213 '¹⁰²in
375 5139 444 5212 sihi
475 5149 739 5236 comparassent,
778 5136 868 5234 qood
894 5148 1006 5207 tamen
1034 5154 1102 5204 non
1129 5132 1176 5202 ita
1204 5128 1327 5230 efficere
1354 5129 1491 5202 studebo
1521 5130 1615 5227 qrasi
1641 5134 1755 5205 omnia
1783 5130 1924 5203 abanim
1951 5130 2079 5203 eonati-

1826 5310 1856 5365 u
