4522 5850
774 276 1208 449 ¹·-11-

64 522 179 649 peina
196 545 390 620 mbnaom
405 540 528 616 ollam
545 566 590 617 er
604 541 775 644 lbgretto
792 559 875 621 seta
893 543 1000 649 eigo,

1068 545 1158 622 inde
1171 545 1446 646 proclametur.
1506 545 1555 621 In
1578 544 1781 624 dicasterio
1801 548 2001 626 adsidendi

65 706 109 770 ot
128 690 231 798 sylla
250 698 400 797 upsbgo
419 690 542 804 osolt,
568 718 612 766 er
632 691 909 796 lbgsligomalm
927 693 1001 768 vill
1051 697 1152 797 ¹jure
1172 695 1385 798 gaudentes
1404 695 1529 798 legum
1546 698 1854 797 proclamationi,
1881 726 1905 772 a
1927 723 1997 773 no·

65 839 135 944 lag
154 839 337 945 upsegia,
366 837 490 916 huart
506 864 590 916 sem
609 848 802 942 poterat
821 839 1001 946 liigbergi

64 996 143 1093 eps·
161 987 175 1064 i
195 989 390 1094 liigrett0,
421 1016 468 1066 oc
488 988 610 1092 poni
632 989 765 1064 kirkio
784 1018 824 1067 se
845 989 1001 1093 elvepo

70 1149 115 1215 er
130 1147 261 1215 o'svast
279 1153 364 1214 ute.
425 1141 513 1214 Enn
540 1134 585 1213 el
601 1136 792 1213 nockorir
816 1138 1003 1243 lbgretto·

72 1313 192 1364 menn
226 1283 321 1363 hafa
356 1285 436 1391 eigi
467 1303 551 1362 tom
583 1287 628 1363 til
661 1296 772 1388 peso,
812 1296 862 1388 pa
892 1289 1000 1363 scola

67 1435 159 1538 peir
176 1463 301 1512 menn
324 1437 362 1511 11
385 1432 511 1540 heyra
531 1463 553 1511 a
575 1441 725 1540 upso‘go
744 1432 847 1539 lyrir
867 1433 1000 1511 huern

65 1583 202 1687 Peirra
212 1639 227 1677 ,
259 1610 304 1660 er
322 1582 370 1658 til
390 1591 478 1685 μεθ
498 1609 567 1659 ero
588 1582 718 1659 tecnir
737 1580 783 1659 af
795 1583 904 1686 peirn
913 1638 930 1674 ,
960 1601 1002 1660 at

64 1733 160 1810 sitia
178 1762 200 1810 a
220 1734 372 1838 pollam
394 1731 406 1806 i
427 1732 614 1837 lbgretto.
672 1733 736 1809 Nu
757 1757 802 1807 er
820 1748 862 1809 at
880 1728 1003 1809 huar-

64 1907 145 1987 uge
170 1909 314 1988 gaumr
337 1879 494 1986 gefinn,
525 1889 576 1982 pa
597 1906 713 1983 mega
733 1879 821 1954 ecki
841 1880 1001 1958 standan

63 2030 203 2133 peirac
228 2030 550 2134 logrettomanna
578 2035 653 2129 οφ
679 2055 723 2102 er
748 2053 819 2104 sua
841 2030 949 2135 scipa
976 2058 999 2108 c

62 2203 175 2255 sama
202 2176 355 2271 samri,
400 2184 476 2278 par
504 2202 549 2251 er
576 2204 648 2252 um
676 2182 748 2279 pat
775 2175 924 2281 logmal
954 2204 999 2254 er

63 2336 209 2428 Iiroett,
256 2351 300 2400 cr
327 2333 380 2427 Pa
409 2351 480 2401 var
509 2340 675 2429 upsagt,
722 2323 822 2401 enda
853 2335 999 2429 varpar

62 2480 120 2553 ΙΙΙ
146 2501 279 2551 marca
301 2473 464 2577 utlegp,
496 2499 544 2547 oc
567 2473 656 2577 eigo
678 2471 791 2574 aprir
812 2473 1001 2577 lbgretto·

64 2651 187 2699 menn
214 2629 282 2698 soc
304 2630 353 2724 pa
365 2675 378 2714 ,
411 2648 457 2696 oc
480 2620 560 2695 scol
583 2617 711 2696 steina
735 2636 777 2696 at
797 2621 997 2727 lbgbergi,

59 2799 113 2847 oc
136 2770 281 2875 qvepia
306 2768 352 2844 til
375 2767 556 2843 heimilis
577 2766 657 2844 bua
676 2770 712 2847 V
730 2776 818 2870 pess
838 2795 882 2845 er
900 2788 1000 2846 sottr

61 2950 125 2998 er.
180 2922 267 2995 Enn
288 2918 566 3019 lfigsiigomapr
585 2943 606 2989 a
627 2932 668 2989 at
686 2914 795 3019 scipa
814 2915 997 3020 lbgberg,

61 3097 111 3146 oc
140 3068 298 3170 utlagaz
323 3065 414 3166 peir
440 3067 496 3139 111
524 3067 724 3155 mbrcom,
757 3088 801 3138 er
827 3043 997 3141 at'olote

63 3217 163 3297 hans
189 3217 285 3295 sitia
313 3221 402 3315 par.

175 3958 243 4034 Nu
276 3953 397 4057 biopa
429 3979 551 4028 menn
580 3959 663 4054 pau
692 3950 789 4030 oscil
820 3950 996 4053 lbgsbgo·

62 4105 204 4182 manui
240 4120 284 4179 at
312 4104 390 4178 lata
423 4100 532 4178 hann
564 4100 643 4205 eigi
674 4128 725 4175 no
755 4117 838 4174 selo
867 4095 993 4190 sinui,

1070 843 1289 942 mopbylace
1297 844 1447 947 factae,
1476 845 1687 953 suffragari
1707 846 1842 949 ubique
1865 862 1997 923 tenen·

1070 1005 1148 1078 tur,
1175 996 1254 1066 siae
1272 996 1311 1064 in
1330 994 1548 1081 dicasterio,
1559 999 1649 1069 sive
1667 995 1720 1069 ad
1737 1023 1867 1095 rupem
1876 1001 1997 1103 juris·

1067 1140 1228 1215 dicundi
1246 1141 1441 1216 ueletiam
1464 1146 1500 1214 si
1515 1138 1555 1213 in
1576 1144 1712 1241 templo
1720 1197 1736 1233 ,
1766 1151 1998 1244 tempestatis

1067 1288 1223 1362 duritiei
1237 1313 1374 1376 causa,
1398 1316 1445 1364 ea
1477 1304 1545 1362 rat.
1606 1292 1652 1363 Si
1667 1291 1859 1367 dicasterii
1873 1316 1999 1371 asses·
2051 1360 2054 1367 .

1068 1461 1199 1511 sorum
1219 1437 1367 1538 quidam
1385 1441 1502 1512 otium
1518 1443 1741 1536 praesentiae
1758 1465 1835 1516 non
1854 1439 1997 1517 babue—
2095 1416 2099 1427 ¹

1069 1591 1167 1674 rint,
1198 1599 1278 1659 tum
1296 1590 1463 1690 cujusvis
1482 1610 1613 1659 eorum
1634 1587 1736 1675 loco,
1763 1587 1840 1662 duo
1858 1587 1917 1660 illi
1932 1590 2002 1663 viri

1068 1734 1192 1836 legum
1222 1735 1440 1808 exaudiant
1462 1733 1824 1833 proclamationem,
1844 1742 1923 1839 ori
1947 1736 1997 1810 ab

1068 1886 1139 1970 iis,
1179 1897 1224 1954 ut
1249 1886 1289 1955 in
1316 1881 1509 1957 dicasterii
1532 1880 1726 1957 subsellir's
1752 1882 1996 1974 adsederent,
2047 1878 2051 1885 ⁴

1067 2029 1361 2130 recipiebantur.
1437 2028 1514 2103 Ubi
1546 2044 1724 2103 neutrum
1759 2030 1996 2121 observatur,
2118 2045 2150 2055 ’”

1065 2179 1261 2254 decasterii
1293 2203 1532 2254 assessorum
1569 2178 1812 2281 negligentiae
1848 2206 1997 2263 reorum

1064 2326 1255 2433 suffragia
1262 2380 1279 2415 ,
1308 2333 1345 2401 si
1363 2327 1496 2402 eadem
1520 2341 1657 2431 oestatc
1679 2327 1727 2401 de
1740 2331 1826 2432 jam
1846 2329 1997 2427 procla-

1067 2491 1172 2550 mata
1205 2473 1287 2579 lege
1314 2475 1553 2574 disputatur,
1592 2500 1641 2549 ne
1670 2475 1848 2563 valeant3
1885 2482 1997 2553 tn‘um

1066 2650 1284 2699 marcarum
1304 2623 1485 2697 mulctam
1505 2627 1663 2722 insuper
1678 2630 1717 2697 ei
1732 2626 1858 2713 luant,
1885 2629 1998 2729 cujus

1064 2765 1201 2849 causae
1224 2776 1326 2846 actio
1349 2767 1502 2845 caeteris
1528 2771 1723 2850 dicasten’i
1739 2770 1998 2845 assessoribus

1065 2923 1248 3017 competit
1253 2946 1271 3002 ;
1308 2918 1362 2991 ad
1389 2942 1520 3016 rupem
1540 2918 1802 3020 jurisdicundi
1826 2918 1913 2991 dica
1939 2918 1996 2991 di-

1064 3065 1190 3141 cenda
1215 3079 1298 3151 est,
1328 3069 1487 3167 quinque
1511 3069 1620 3169 ejus,
1651 3069 1690 3136 in
1718 3090 1825 3167 qvem
1854 3067 1995 3165 agitur,
2051 3116 2056 3123 -

1064 3213 1246 3288 domicilii
1265 3212 1409 3287 accolis
1432 3217 1491 3305 fin
1517 3216 1792 3307 testimonium)
1813 3180 1992 3286 evocatis.

1059 3363 1209 3462 Rupcm
1229 3386 1316 3436 vcro
1325 3360 1587 3463 jurisdicuudi
1602 3365 1851 3436 circumcirca
1869 3383 1995 3434 asses-

1059 3533 1167 3584 sores
1186 3535 1242 3584 ex
1259 3507 1391 3585 ordine
1409 3507 1572 3583 collocet
1589 3506 1866 3608 nomoplrylax,
1894 3521 1932 3579 et
1950 3531 1995 3580 eo

1063 3656 1142 3735 non
1161 3657 1399 3733 concedente
1419 3660 1484 3758 qui
1502 3655 1556 3729 ibi
1575 3655 1745 3729 resttene
1762 3657 1874 3728 trium
1894 3680 1995 3727 mar·

1062 3832 1195 3882 carum
1214 3805 1396 3879 mulctam
1416 3804 1540 3878 luant.

1175 3951 1221 4025 Si
1240 3955 1362 4053 quiin
1387 3949 1697 4052 nomoplrylacem
1722 3966 1800 4024 tam
1819 3970 1995 4048 peruerse

1062 4103 1226 4204 egerint,
1248 4113 1293 4173 ut
1308 4097 1369 4173 rel
1386 4103 1525 4197 ipsum,
1547 4098 1607 4171 vel
1623 4121 1713 4198 quos
1734 4079 1778 4170 ut
1793 4095 1846 4169 ad
1863 4120 1992 4194 rupem

66 4259 138 4354 φτ
162 4261 216 4353 pa
247 4277 393 4343 menn,
434 4277 478 4324 er
506 4246 617 4323 hann
645 4243 750 4322 hefir
776 4242 994 4321 einnetnda
1055 4245 1467 4350 jurisdicundieocum
1486 4245 1705 4319 adsilerent
1720 4245 1991 4329 denominavit,

60 4400 109 4481 tit
137 4405 234 4503 pes's'
255 4414 297 4472 at
321 4397 413 4473 sitia
440 4413 481 4473 at
507 4395 687 4500 lbgbergi
711 4402 807 4497 mep
831 4420 915 4485 ser,
948 4418 995 4467 oc

59 4557 210 4650 ηψπ
222 4555 293 4647 pat
307 4544 622 4647 fibrbaugsgarp,
643 4569 689 4619 oc
705 4544 783 4619 scal
797 4550 869 4649 pat
883 4516 995 4617 sokia

58 4726 146 4775 sem
168 4706 264 4798 apra
283 4694 401 4795 pingo
420 4691 625 4796 asglbpon.

176 4831 269 4928 Peos
289 4869 333 4916 cr
349 4842 625 4944 logsagomapr
641 4834 809 4941 scylldr,
830 4851 871 4909 at
886 4831 994 4935 segia

59 4995 186 5070 ollam
211 4991 320 5092 pcim
345 5015 390 5063 er
413 4986 523 5063 hana
552 4985 684 5091 spyria
715 4983 861 5088 lligmol
889 4980 991 5079 baepi

59 5140 138 5216 her
171 5165 218 5213 oc
253 5135 412 5228 heimo,
449 5161 530 5210 eon
563 5148 651 5209 erat
679 5129 790 5206 hann
821 5128 994 5205 lranmrr

58 5278 265 5395 scylrlr'at
289 5290 452 5384 cecrope
481 5281 550 5382 vil>
578 5307 716 5355 menn.

1062 4421 1087 4467 a
1115 4391 1271 4467 sedibus
1301 4396 1347 4466 iis
1374 4393 1574 4466 destinatis
1601 4390 1849 4489 prohibeant,
1884 4389 1995 4463 exilii

1064 4555 1268 4628 tenentur,
1302 4555 1344 4614 et
1364 4540 1468 4614 uelut
1487 4540 1534 4615 de
1549 4541 1687 4642 judicii
1707 4531 1991 4636 perturbatione

1062 4693 1162 4763 actio
1190 4693 1423 4761 instituatur.

1182 4838 1277 4908 Turn
1289 4837 1348 4909 hic
1361 4841 1418 4926 aa
1430 4837 1628 4922 comitiis),
1642 4857 1731 4905 cum
1742 4828 1859 4916 dorni,
1871 4835 1991 4904 omni

1062 4978 1990 5085 bus,qvidjustumsit,qaoerentibusnornoplrylax
2084 4974 2090 4988 ¹

1063 5129 1289 5230 respondere
1311 5126 1523 5230 obligatum
1551 5127 1598 5200 de
1622 5131 1751 5201 causis
1776 5152 1862 5200 aero
1884 5130 1990 5200 insti-

1062 5276 1213 5350 tuendis
1227 5275 1396 5349 consr‘liis
1413 5273 1570 5349 alterius
1580 5281 1715 5379 jurare
1729 5296 1806 5347 non
1822 5287 1985 5349 tenetur.

991 5425 1059 5495 ’μ
