4522 5850
883 345 1352 437 a-cxxlx..

160 607 225 670 tate
252 595 455 673 ndidendi
469 585 513 688 ').
576 594 671 672 Hr'uc
694 592 778 697 filio
806 594 902 697 patri
925 594 1061 669 matrive
1086 608 1160 668 teon
1188 591 1326 671 dmm
1353 578 1497 669 suendi
1521 592 1585 667 ubi
1598 588 1673 693 filii
1695 560 1768 665 non
1792 593 1971 696 supersint,
2002 620 2072 698 po·

167 752 212 814 ter
234 742 410 829 iberorum
438 742 663 824 barediatem
691 742 782 844 capit
809 767 886 842 prot
918 753 1043 828 matre,
1080 742 1157 844 quin
1171 741 1287 843 frater
1310 768 1355 814 en
1376 749 1475 842 patre
1501 751 1643 813 matrem
1668 736 1833 824 excludit,
1871 753 1979 812 mater
2002 768 2074 831 auf

174 897 233 961 tem
260 915 404 965 sororem
435 917 481 962 ea
506 901 620 991 patre,
659 889 734 967 bne
755 888 904 990 fratrem
936 913 981 960 ea
1011 899 1134 973 matre,
1170 887 1227 965 liic
1253 885 1394 990 demone
1420 887 1464 960 ob
1488 885 1747 989 prerogativam
1773 911 1877 958 mous
1891 886 1997 986 prius
2023 883 2076 958 od

184 1033 404 1109 mttcdatdurn
431 1042 569 1108 iocoue
591 1063 692 1137 qoam
719 1060 815 1108 soror
833 1020 884 1105 'ea
906 1044 1005 1133 patre
1019 1021 1082 1122 ⁴⁸¹).
1551 1137 1555 1145 ι
2070 1116 2073 1123 ¹

328 1179 403 1254 Sed
425 1181 465 1252 tt
488 1207 605 1253 omnes
631 1207 673 1253 ea
700 1176 803 1252 modo
831 1179 898 1279 lege
922 1177 989 1251 lroe
1014 1177 1129 1252 ordine
1152 1177 1206 1252 od
1225 1177 1467 1252 succedendum
1491 1177 1710 1265 rocabenna,
1738 1178 1773 1251 si
1792 1204 1838 1251 ex
1852 1177 1957 1280 justis
1982 1207 2070 1279 reup-

195 1325 232 1398 tis
258 1326 318 1400 sire
350 1327 387 1398 in
415 1323 570 1398 lslandia
604 1326 669 1399 sire
704 1323 806 1426 apud
831 1337 943 1424 gmtes
969 1323 1145 1397 Dam'cam
1181 1325 1525 1431 birgoomssloqomtes
1550 1324 1723 1397 contructis
1744 1326 1909 1426 progeniti
1917 1326 2070 1424 -suerirrtt

195 1468 242 1564 AI).
265 1498 289 1545 c.
312 1466 337 1544 3
364 1468 395 1545 Ι.
419 1458 591 1561 175”’).
657 1468 956 1570 Legitimatio
993 1497 1039 1544 ea
1071 1468 1135 1542 lroc
1161 1472 1240 1572 jure
1273 1496 1343 1544 uon
1378 1469 1536 1557 obtinuit,
1573 1496 1673 1571 neqve
1705 1469 1810 1543 ulcero
1837 1469 1939 1569 liujus
1965 1472 2013 1543 rei
2035 1471 2072 1542 in

196 1611 307 1690 mono
333 1614 550 1691 lslondorum
578 1617 746 1716 uestigium
772 1615 861 1723 milri
884 1617 1021 1690 occurrit
1036 1602 1135 1705 m).

330 1761 403 1837 Sed
435 1790 624 1866 quanquam
659 1762 768 1835 liberis
801 1761 1012 1836 naturalibus
1046 1756 1264 1856 (laungctin)
1294 1772 1395 1864 poter
1428 1761 1521 1835 rtulla
1554 1773 1624 1834 orte
1650 1763 1736 1862 jura
1766 1761 1943 1835 liberorum
1969 1763 2072 1862 legitt-

198 1930 298 1981 norum
331 1910 470 1983 tribuere
499 1920 647 2012 poterat,
685 1935 730 1981 ex
761 1909 829 2008 lege
860 1921 974 1981 tamen
1008 1905 1062 1980 ad
1093 1908 1126 1980 ei
1154 1906 1397 1982 succedendum
1433 1906 1639 1982 vocabantur
1669 1909 1702 1981 si
1720 1908 1851 2010 fratres
1884 1920 1916 1981 et
1946 1935 2072 1982 sorores

198 2072 246 2123 non
265 2054 447 2157 νώὴνιὲεεί,
477 2082 557 2157 qvos
584 2082 737 2157 excepere
750 2055 880 2156 scotres
905 2064 938 2127 et
961 2079 1088 2127 sorores
1115 2054 1264 2154 dffurrcti
1286 2055 1394 2158 spurii
1418 2081 1459 2129 ea
1486 2053 1566 2154 lege,
1595 2060 1634 2127 'ut
1644 2056 1760 2156 frater
1783 2081 1828 2128 ex
1849 2067 1948 2155 patre
1968 2055 2074 2127 sorori
2199 2098 2201 2102 .
2257 2096 2260 2101 -

199 2216 229 2265 tt
246 2197 365 2288 eodem,
394 2199 469 2273 irae
493 2213 607 2274 auum
619 2202 730 2301 sratri
751 2228 797 2274 ec
819 2214 925 2274 matre
949 2214 981 2274 et
999 2198 1054 2272 bic
1075 2200 1184 2273 sorori
1201 2227 1247 2276 ec
1266 2201 1383 2275 cadem
1403 2214 1668 2304 anteponeretur5
1696 2201 1754 2301 csr
1779 2200 1877 2280 stt
1902 2199 1948 2294 (Ι.
1973 2198 2073 2292 itt)

200 2361 229 2408 tt
243 2339 317 2418 Msc.
340 2343 567 2447 Mognoeano.
624 2345 699 2420 Sed
715 2359 798 2448 post
822 2373 879 2420 eos
907 2346 1004 2419 olim
1031 2348 1127 2421 urtice
1152 2347 1300 2448 legr'tirne
1317 2349 1392 2421 nati
1415 2347 1693 2436 admittebantur,
1722 2347 1868 2450 interque
1891 2376 1949 2463 eos
1968 2349 2075 2450 prbni

254 2695 280 2767 'l
305 2699 514 2760 Memorabile
544 2701 710 2759 discrimen
734 2699 849 2760 obtinet
874 2701 980 2780 quoad
1000 2703 1219 2761 successionem
1244 2701 1286 2761 ab
1310 2705 1457 2762 intestato
1482 2704 1564 2762 inter
1587 2700 1646 2762 lroc
1663 2706 1723 2777 jus
1745 2702 1940 2764 Islondicum
1964 2716 1994 2763 et
2019 2724 2072 2762 oe·

297 2812 365 2860 tera
391 2801 571 2878 Norvegica
601 2800 643 2860 ab
668 2821 735 2859 una
754 2811 869 2878 parte,
901 2822 939 2860 ex
964 2801 1073 2882 qvibus
1098 2803 1232 2880 inpari
1251 2802 1361 2879 gradu
1384 2805 1519 2862 masculi
1543 2814 1574 2861 et
1593 2805 1792 2881 potissimum
1818 2805 1936 2880 agnati
1950 2802 2072 2880 foemi-

298 2919 358 2961 nas
381 2900 567 2971 excludunt,
599 2912 630 2958 et
652 2904 737 2975 jura
763 2901 891 2962 Soecioa
919 2913 1013 2981 atque
1037 2905 1173 2962 Donioa
1206 2900 1247 2960 ab
1282 2902 1386 2961 altera
1410 2914 1527 2980 porte,
1561 2924 1629 2981 qvoe
1650 2900 1814 2978 foeminas
1839 2921 1975 2961 unacum
1998 2923 2072 2962 ma·

298 3000 382 3061 ribus
414 3000 549 3071 ejusdem
575 3001 701 3079 gradus
733 3001 780 3060 acl
808 3001 1026 3059 succedendum
1056 3010 1190 3070 vocant,
1223 2998 1278 3058 secl
1306 3000 1443 3077 eahge
1474 3013 1510 3058 ut
1541 3020 1612 3060 mas
1643 3000 1775 3079 duplam
1800 3003 1975 3079 portionem
2000 3023 2072 3081 proe

291 3098 436 3178 foemina
467 3103 579 3179 capiat
609 3102 743 3178 exceptis
772 3103 815 3159 iis
845 3099 972 3160 casibus
1003 3101 1058 3160 ribi
1088 3121 1127 3161 ee
1154 3099 1313 3180 peculiari
1343 3102 1503 3159 sanctione
1534 3099 1582 3158 ad
1609 3100 1775 3159 discrimen
1805 3120 1895 3162 sexus
1926 3121 1988 3159 non
2018 3114 2072 3160 at-

297 3200 454 3272 undam
478 3201 549 3261 vide
571 3199 713 3261 Coclitem
728 3202 820 3273 juris
844 3199 1076 3278 Vestrogotbici
1098 3222 1138 3262 es
1161 3202 1333 3262 novissimo
1356 3201 1508 3271 editione,
1534 3199 1753 3262 Stoclolrolmiae
1776 3204 1872 3262 1827.
1897 3198 1928 3262 4.
1949 3222 1982 3280 p.
2006 3205 2069 3262 133

199 3367 201 3370 ⁴
304 3299 565 3380 Uplandeloglien
594 3299 754 3362 Erfde-B.
779 3300 838 3362 XI
848 3300 892 3378 fl·
953 3300 1134 3361 Stiernlrib'k
1157 3302 1288 3375 dejure
1313 3301 1465 3361 Sororium
1489 3312 1519 3360 et
1545 3289 1718 3360 Gothorum
1742 3313 1861 3362 vetusto
1881 3323 1915 3381 p.
1939 3303 2000 3360 181
2030 3324 2071 3362 ss.

298 3399 414 3479 Kosodi
437 3399 579 3460 Anoberi
603 3399 737 3458 samlede
762 3399 899 3479 Slrffter
926 3401 995 3462 Vol.
1019 3391 1075 3460 2‘10
1095 3403 1135 3479 p:
1152 3402 1226 3461 378.
1251 3402 1315 3462 379
1341 3413 1492 3481 notasque
1516 3419 1603 3459 meas
1628 3401 1674 3460 ibi
1697 3401 1848 3477 oelJ‘cctos.
1901 3403 1958 3461 Ius
1983 3403 2073 3463 Nor-

298 3503 437 3578 vegicum
456 3502 579 3577 Magni
603 3500 707 3577 legum
729 3502 935 3561 emendatoris
959 3500 1081 3560 demum
1104 3514 1233 3562 veterem
1257 3501 1437 3561 succedendi
1460 3500 1597 3559 ordinem
1622 3520 1655 3558 eo
1680 3504 1801 3560 nomine
1826 3505 1961 3561 mutavit
1973 3503 2072 3576 filias

299 3619 362 3660 uno
395 3620 466 3658 cum
485 3601 572 3675 filiis
604 3600 652 3658 ad
678 3598 894 3660 lroereelitatem
917 3613 1089 3679 parentum
1120 3600 1260 3663 vocando
1291 3613 1322 3660 et
1353 3602 1420 3661 illis
1449 3601 1621 3677 simplicem
1644 3611 1756 3658 sortem
1780 3599 1832 3660 iiis
1855 3600 1985 3678 duplam
2010 3605 2072 3661 tri-

299 3698 431 3770 buendo,
456 3699 582 3762 Erfdab.
607 3700 670 3758 c.7
691 3720 725 3778 p.
741 3703 805 3760 232
831 3701 876 3760 ed.
901 3700 1006 3779 Hafn.
1034 3703 1115 3760 anni
1135 3702 1231 3760 1817.
1280 3700 1367 3761 Idem
1387 3702 1458 3762 Rex
1473 3703 1597 3780 primus
1619 3711 1731 3759 auctor
1745 3700 1819 3779 suit
1839 3698 1934 3775 liujus
1955 3706 2072 3761 mutati

297 3799 473 3861 mccedendi
498 3800 617 3858 ordinis
642 3802 677 3859 in
700 3801 871 3873 Islaudia;
895 3823 924 3861 ν.
951 3801 1024 3861 aot
1049 3800 1185 3863 Jonsbbk
1209 3800 1335 3860 ιίἰειιιπι.

226 3916 280 4006 ’3)
305 3936 417 3996 Alium
441 3946 549 3995 tamon
573 3933 752 3994 succedendi
776 3935 913 3994 ordinem
937 3933 1114 3994 ethnicismi
1137 3946 1272 4013 tempore
1297 3937 1423 3993 innuere
1445 3933 1568 3995 videtur
1590 3934 1672 3995 Vita
1697 3935 1887 4014 Vigoglumi
1902 3957 1938 4015 p.
1957 3938 1999 3996 26
2025 3938 2070 3996 ed.

299 4036 401 4115 Hofn.
427 4055 496 4094 cnm
523 4046 625 4094 mater
644 4034 817 4114 Hallfrida
831 4035 905 4111 filii
928 4037 1014 4094 unici
1032 4034 1147 4115 paullo
1168 4046 1241 4114 post
1261 4046 1387 4113 patrem
1411 4038 1527 4094 mortui
1550 4054 1621 4093 cum
1645 4039 1714 4110 ejus
1735 4047 1851 4115 patruo
1872 4036 1984 4095 Glumo
2010 4035 2071 4095 liu-

294 4137 404 4218 juoque
427 4147 530 4194 matre
554 4134 708 4206 Astrida,
739 4157 807 4215 qvos
834 4137 911 4196 oria
936 4134 1076 4213 defuncti
1087 4133 1184 4214 suit,
1217 4134 1300 4193 bona
1325 4135 1436 4193 relicta
1462 4155 1499 4192 ex
1523 4138 1619 4214 aeqvis
1639 4134 1786 4214 partibus
1803 4138 1930 4213 partiri
1954 4147 2070 4195 tenere·

298 4250 357 4299 tur.
416 4237 487 4295 Hoc
512 4257 550 4296 ec
572 4244 726 4315 computo
741 4256 825 4296 anno
852 4233 916 4298 940
943 4236 1069 4295 accidit.
1129 4235 1183 4295 Ea·
1206 4234 1273 4313 lego
1298 4235 1427 4314 Grbgbs
1451 4246 1553 4295 mater
1577 4247 1728 4314 superstes
1752 4255 1824 4295 cum
1846 4235 1987 4314 defuncti
2003 4259 2071 4314 po·

297 4349 401 4399 truum
425 4349 493 4396 turn
517 4339 628 4398 oviam
652 4335 836 4398 exclusisset.

228 4464 278 4541 m>
304 4472 547 4534 Matrimonium
576 4471 746 4548 illegitima
775 4473 896 4530 ratione
919 4481 1114 4531 connectam
1138 4488 1202 4530 non
1223 4467 1454 4531 ratihabitione
1477 4471 1528 4531 vel
1543 4481 1644 4549 pacto
1662 4473 1835 4550 posteriore
1853 4474 1977 4544 fuscum
1991 4471 2070 4543 fieri

294 4573 430 4652 potuisse
453 4592 491 4631 es
515 4570 662 4650 Egils-s.
686 4589 712 4627 c.
729 4570 772 4629 57
789 4591 826 4649 p.
845 4569 994 4632 sto-349
1020 4572 1191 4649 colligitur.

212 4700 278 4776 lm)
304 4704 407 4765 Errat
432 4705 581 4783 interpres
605 4724 676 4764 cum
700 4724 769 4783 cap.
794 4701 836 4764 45
863 4706 1007 4764 sectionis
1031 4696 1229 4795 festa-poth·
1253 4703 1297 4777 (l.
1318 4724 1353 4784 p.
1378 4705 1437 4762 861
1438 4706 1460 4775 j
1485 4704 1522 4764 de
1546 4707 1774 4784 legitimatione
1800 4706 1893 4778 agere
1917 4703 2070 4759 existimet

297 4803 352 4865 boc
377 4806 467 4862 enim'
484 4816 581 4883 caput
605 4802 689 4886 qvod
709 4815 817 4864 tamen
839 4823 902 4863 non
927 4807 992 4864 nisi
1016 4807 1051 4863 in
1069 4804 1141 4863 God.
1159 4804 1359 4883 Magnoeano
1384 4805 1483 4882 iisque
1507 4808 1560 4885 qvi
1580 4825 1649 4863 eum
1669 4811 1834 4883 sequuntur
1854 4799 1969 4876 legitur
1994 4800 2068 4878 (cfr.

299 4916 358 4965 not.
385 4908 441 4975 1),
467 4903 504 4964 do
524 4907 721 4983 paternitate
745 4915 776 4963 et
799 4903 835 4964 do
856 4915 958 4982 partu
982 4903 1175 4983 agnoscendo
1199 4903 1287 4963 morlo
1312 4905 1457 4982 loquitur.
1504 4888 1588 4961 'lure
1614 4913 1718 4961 autem
1739 4902 1916 4976 Noroegtoo
1942 4903 2069 4980 antiquo

298 5003 436 5066 dabam
466 5002 655 5084 legitimatio
683 5023 741 5084 per
771 5002 980 5063 deductionem
1005 5005 1185 5082 ingentem
1209 5014 1240 5064 et
1253 5003 1425 5083 familiam
1450 4996 1638 5082 (AEtteiding)
1662 5019 1809 5062 consensu
1833 4997 1988 5057 haredum
2003 4999 2069 5078 fa-

300 5104 458 5178 ciendam,⁸
483 5126 512 5167 ν.
537 5106 639 5186 legem·
658 5105 823 5167 liniensem
847 5104 991 5164 Hooonis
1015 5088 1207 5174 Adelstmii,
1231 5100 1428 5184 Isysingslb'g
1450 5122 1476 5160 c.
1496 5104 1516 5161 2
1542 5102 1648 5178 (opud
1662 5104 1823 5167 Pausison
1846 5100 1873 5159 1.
1898 5101 1991 5169 76).-

1824 5249 1849 5306 Ι·
