4522 5850
1136 213 1469 301 *VI*

350 447 601 539 adornanda
624 447 737 536 inse
760 448 1019 566 susceperint,
1058 446 1224 568 mnmue
1251 444 1302 536 dc
1325 444 1515 535 subsidiis
1540 443 1728 533 literanis
1753 445 1816 532 ael
1836 475 2003 533 sensum
2027 443 2180 531 barum
2203 439 2244 530 le

347 645 451 732 gum
475 613 621 703 nubles
647 611 946 729 intelligendum
971 633 1061 700 non
1079 615 1168 700 sine
1178 610 1331 727 fructu
1358 609 1610 717 adhibendis.

496 776 659 889 Medio
675 778 774 898 jam
799 777 948 866 Secula
967 778 1231 898 praterltpso
1257 776 1307 866 de
1333 775 1421 893 lege
1449 774 1622 892 Grcigbs
1647 773 1804 863 eclencla
1829 774 1998 895 auidum
2023 771 2244 888 Antiquita

350 943 456 1035 tibus
471 943 695 1034 Islancliczs
714 943 836 1032 dediti
853 945 1096 1059 cogitarunt,
1129 941 1501 1063 prencliariusqcu
1519 941 1801 1056 Magnacnus
1821 944 1984 1029 'nomine
1999 938 2130 1027 Jonas
2147 935 2252 1025 Mor

349 1121 503 1199 tensen
531 1108 721 1229 quadam
747 1109 841 1196 lutic
867 1109 962 1197 usui
979 1110 1237 1198 inservientia
1260 1106 1437 1223 collegit,
1475 1105 1552 1195 secl
1574 1137 1676 1226 opus
1701 1108 1781 1196 nra
1806 1106 2042 1193 inclroatum
2069 1134 2175 1190 mox
2200 1132 2248 1192 re

351 1272 558 1393 liquemrzt.
631 1275 918 1394 Thorkelinus
954 1272 1095 1362 dena
1128 1285 1295 1403 noster,
1332 1271 1561 1389 Prafhctus
1596 1275 1720 1388 regis
1752 1270 1956 1361 Arabicis
1989 1270 2214 1359 secrea'orib
2257 1312 2261 1322 x

349 1467 536 1527 necnon
566 1436 786 1530 Secretarii
811 1468 976 1526 murare
1005 1440 1050 1524 in
1080 1453 1216 1526 nostro
1250 1435 1426 1552 Collegic
1451 1437 1749 1557 perplurimos
1780 1437 1904 1522 amris
1921 1437 2135 1550 fingens,
2179 1434 2250 1522 Vi

240 1576 243 1581 ¹
350 1604 580 1722 multffana
611 1605 793 1693 doctrina
823 1607 947 1690 etiarn
978 1604 1092 1721 apud
1118 1619 1281 1692 exteros
1307 1602 1479 1707 celeber,
1522 1631 1642 1722 quem
1672 1602 1787 1690 nobis
1818 1599 2015 1721 literisque
2044 1600 2122 1686 boc
2153 1630 2261 1686 am

349 1785 527 1887 erepum
537 1772 683 1888 fluisse
707 1769 908 1872 bolanus,
936 1771 1034 1887 jam
1058 1801 1170 1856 anno
1196 1800 1298 1890 ¹777
1317 1768 1645 1887 prensantur
1670 1766 1720 1855 dc
1744 1767 1821 1856 boc
1838 1767 1932 1882 jum
1952 1765 2103 1853 edendo
2125 1797 2172 1854 se
2217 1808 2228 1839 ι

350 1938 567 2042 canduit,
598 1935 805 2053 publicato
820 1935 950 2055 paulo
972 1902 1072 2023 ante
1087 1937 1213 2025 ceteri
1233 1948 1271 2021 et
1294 1937 1503 2023 recentiori
1516 1934 1610 2051 jure
1633 1934 1904 2024 ecclesiastico
1927 1932 2261 2036 Islanclico,se1

349 2100 407 2187 ab
437 2103 516 2189 bac
547 2100 712 2189 consilio
742 2114 829 2188 tum
858 2101 1019 2207 destr'tit,
1062 2131 1316 2220 quanrquam
1348 2100 1546 2216 mum‘fica
1576 2101 1812 2219 subscnptio
1841 2114 1880 2186 et
1908 2098 2035 2214 Regis
2065 2112 2176 2214 scept

350 2279 436 2354 arm
467 2268 632 2356 tenentis
662 2266 884 2387 domusque
914 2269 1119 2386 Angusta
1150 2280 1189 2355 et
1217 2267 1472 2386 qaomnclam
1496 2294 1711 2386 praeemm
1737 2264 1929 2379 Anglic,
1970 2264 2149 2381 Hasna
2179 2279 2222 2353 te

350 2433 700 2537 commorantium,
731 2431 927 2522 editorun.
935 2432 991 2521 ab
1009 2436 1123 2520 omni
1135 2434 1290 2523 mmm
1306 2432 1536 2522 sustinendo
1552 2463 1740 2521 securum
1757 2431 1991 2521 reddidisset
2001 2439 2051 2536 ⁸).
2107 2434 2253 2521 Exsta

214 2600 220 2660 Γ
350 2594 686 2714 modospecimen
698 2597 1026 2717 latpajnmnilis
1038 2598 1606 2702 labansbodtemnssimum,
1630 2597 1874 2717 quoclAmco
1884 2593 2223 2687 MDCCLXXI

346 2758 566 2851 ¹Alumnus
589 2757 758 2877 Collegii
774 2764 967 2852 Medicai
984 2765 1123 2871 edidit,
1154 2763 1331 2853 sedecim
1349 2763 1470 2852 modo
1487 2763 1665 2882 pagellis
1688 2778 1898 2867 corntans,
1933 2762 2089 2851 titum
2106 2734 2196 2883 pra
2220 2796 2261 2853 st

333 2925 507 3040 serens:
544 2928 791 3017 ''Parte'cula
810 2930 951 3047 prima
969 2929 1080 3046 jun's
1105 2929 1332 3019 cnannalcs
1356 2928 1562 3019 Islanclici
1583 2932 1741 3048 aniani
1750 2926 1886 3077 labec
1911 2932 2052 3020 uersi’
2072 2961 2130 3018 ss.
2159 2962 2258 3049 quin

341 3106 490 3209 prater
518 3109 773 3213 conspectam
803 3098 983 3212 capium
1012 3094 1136 3210 lmjus
1160 3095 1267 3208 juris
1297 3096 1499 3211 Vigslocle
1527 3095 1625 3184 tb’cti
1647 3094 1858 3185 Islaneliee
1887 3111 1927 3186 ct
1954 3095 2078 3183 lecum
2104 3111 2220 3186 texat
2258 3156 2261 3169 2

349 3257 608 3348 Islamlicum
634 3258 753 3345 modo
780 3273 954 3375 quantor
973 3260 1159 3376 priorum
1187 3263 1366 3379 capiacm
1390 3263 1691 3378 uersiorzcche
1722 3261 1896 3349 latinam
1925 3261 2059 3351 solum
2091 3264 2259 3352 ultorum

348 3424 454 3515 sistit
462 3431 529 3529 ⁸‘).
589 3419 693 3511 Cum
709 3424 753 3508 in
768 3421 978 3539 Angliam
994 3422 1128 3510 Arma
1143 3420 1499 3516 MDCCLXXX
1498 3427 1553 3512 V
1546 3425 1605 3514 II
1618 3429 1693 3514 iter
1706 3431 1945 3544 suscepisset
1958 3431 2102 3516 itemm
2118 3428 2168 3517 'tle
2184 3428 2261 3516 tw·

427 3853 461 3926 *J
494 3855 625 3914 Litterae
651 3875 748 3914 manu
778 3855 956 3916 Tleorlelini
978 3858 1122 3935 scriptae,
1155 3856 1265 3936 quibus
1294 3859 1498 3917 scientiarum
1520 3869 1675 3938 patronas
1707 3855 1754 3917 ad
1775 3878 1806 3918 se
1830 3862 1865 3916 in
1889 3858 1947 3917 boc
1972 3879 2060 3940 opere
2084 3875 2256 3942 sumptuve

483 3954 596 4013 celando
621 3955 843 4015 sublevandum
866 3957 1005 4024 inuitat,
1028 3956 1116 4015 ‹latae
1140 3969 1213 4016 sunt
1237 3957 1377 4036 Hasnioe
1401 3957 1474 4018 XII
1497 3958 1621 4036 Aprilis
1645 3959 1953 4020 MDCCLXXVII.
2011 3961 2076 4019 His
2100 3966 2180 4040 ipsis
2206 3966 2260 4023 lit·

483 4056 576 4123 teris,
611 4075 681 4133 qva
711 4056 871 4132 singulari
889 4054 1031 4133 fortuna
1061 4058 1235 4115 etiamnum
1258 4069 1393 4116 servata
1417 4070 1512 4129 stunt,
1545 4057 1681 4117 uidimus
1700 4070 1818 4137 proeter
1843 4070 1981 4135 augusta
2005 4063 2135 4120 nomina
2161 4064 2260 4141 Regis

484 4152 664 4213 Christiani
687 4156 828 4232 septimi,
857 4156 992 4232 Reginae
1016 4153 1120 4214 uidua
1141 4156 1283 4215 Iulianae
1303 4159 1426 4216 Maria
1431 4198 1444 4227 ,
1464 4159 1621 4235 principis
1646 4155 1844 4233 lcareclitarii
1864 4142 2023 4217 Fr·t'‹lerici
2046 4181 2085 4218 en·
2109 4163 2260 4223 mandato

481 4238 636 4329 signata,
669 4273 798 4310 manum
822 4255 981 4312 Mortanii
1009 4254 1098 4313 Eden
1127 4254 1217 4314 bodie
1244 4259 1375 4316 Comitis
1405 4256 1442 4315 de
1467 4257 1589 4334 IIarley
1613 4267 1681 4314 tum
1707 4261 1852 4335 temporis
1878 4256 1979 4335 legati
2004 4259 2193 4328 Britannici
2224 4287 2261 4313 ,a

484 4352 596 4412 aulam
618 4354 783 4412 Denicam
802 4374 863 4432 pro
887 4356 1007 4430 uiginti
1026 4354 1286 4432 Exemplaribus,
1313 4354 1471 4415 Iohannis
1492 4355 1640 4415 chard
1661 4355 1850 4415 celeberrimi
1872 4357 2048 4416 carceribus
2071 4361 2229 4421 incucsoru

478 4454 631 4530 patroni,
657 4472 793 4511 carceres
808 4452 999 4530 Hasnienses
1017 4464 1084 4511 tum
1099 4457 1246 4524 visentis,
1265 4475 1327 4532 pro
1346 4457 1592 4535 quinquaginta,
1618 4475 1672 4513 nec
1691 4475 1753 4514 non
1770 4458 1799 4515 J.
1815 4453 1993 4515 Jobnstonii
2007 4469 2074 4516 tum
2091 4459 2225 4537 Capella

482 4570 606 4610 munere
625 4550 713 4627 apcul
730 4551 918 4629 legationem
935 4552 1158 4612 Brittanicum
1176 4553 1314 4632 Hasm'oe
1338 4573 1372 4612 eo
1397 4567 1530 4632 tempore
1543 4554 1714 4634 fungentis
1720 4597 1732 4624 ,
1758 4557 1812 4635 qui
1824 4558 1949 4633 primus
1968 4557 2152 4635 Epiceclium
2173 4561 2245 4639 Ileg

483 4653 551 4709 neri
575 4649 737 4710 Lodbroclc
761 4653 861 4729 Regis
885 4652 1008 4712 Daniar
1032 4653 1168 4730 Artglice
1193 4652 1379 4724 truratulit,
1407 4673 1466 4733 pro
1492 4650 1622 4735 queisque
1647 4654 1889 4737 Exemplaribus
1914 4654 2140 4716 subscribentis.

408 4815 459 4893 ξ’)
490 4816 532 4879 In
556 4829 643 4878 textu
667 4817 827 4879 Islanclico
852 4819 1067 4879 cominnandc
1093 4790 1315 4900 apogrbplcum
1338 4824 1490 4882 recentius
1515 4822 1701 4882 membranae
1726 4822 1825 4901 legati
1847 4821 1947 4881 Arme
1966 4823 2104 4901 Magna
2124 4826 2223 4885 isecut
2251 4872 2254 4879 .

481 4937 544 4977 esse
568 4918 708 4988 videtur,
738 4920 861 4978 nullam
886 4920 1012 4980 Codicis
1035 4921 1117 4997 regii
1141 4922 1266 4999 eJ’usque
1288 4923 1511 5000 exscriptorum
1535 4924 1689 4980 rationem
1714 4921 1838 4981 babens.
1889 4923 1978 4980 Ifinc
2002 4935 2179 5000 conspectus
2204 4946 2245 4987 ca

479 5019 583 5091 pitum
604 5020 695 5090 juris
723 5017 872 5097 Vigslade
895 5019 984 5079 modo
1011 5019 1130 5080 CXIV
1149 5039 1236 5097 capp.
1262 5018 1403 5090 exbibet,
1435 5039 1563 5099 quorum
1588 5021 1733 5080 ultimum
1757 5019 1958 5080 inscribitur:
1988 5022 2066 5081 ”Um
2090 5024 2254 5102 trygdamt

482 5134 521 5177 oc
546 5110 714 5204 gripum&
737 5117 774 5177 de
798 5139 860 5196 qua
886 5104 919 5176 re
944 5122 979 5177 in
1004 5131 1121 5179 nostra‘
1137 5117 1269 5178 editione
1293 5118 1410 5180 duobus
1434 5121 1592 5198 capitibus
1616 5126 1702 5199 (cap.
1730 5124 1794 5179 112
1820 5131 1850 5178 et
1874 5140 1944 5197 cap.
1972 5121 2054 5190 11³)
2080 5126 2200 5197 agitur.
