4522 5850
884 304 954 325 -
1019 256 1303 345 CXXXVIII
1368 304 1436 323 -

212 540 271 585 nee
294 538 363 585 uon
386 521 553 583 contractu
575 494 617 581 dc
637 508 679 579 iis
699 504 843 587 alendis,
873 502 942 575 Kb.
972 528 1000 576 c.
1021 500 1073 577 '25
1102 500 1156 573 ad
1178 529 1206 574 e.
1229 500 1280 573 30
1307 502 1354 593 (Ι.
1379 531 1418 602 p.
1440 500 1660 594 437-431);
1691 506 1733 578 de
1759 534 1919 608 equorum
1946 510 2041 581 eloco

214 685 242 730 c.
265 656 315 731 33
343 656 399 756 (p.
420 652 537 743 433);
569 651 610 723 de
631 663 732 750 pacto
756 676 834 721 cum
857 648 1016 749 operariis
1040 648 1120 719 in'to
1142 646 1211 717 Kb.
1236 673 1264 720 c.
1287 644 1336 719 54
1364 674 1393 719 c.
1416 646 1479 721 56.
1508 677 1536 722 c.
1558 648 1622 723 61.
1649 649 1700 725 62
1729 651 1775 741 (Ι.
1804 651 1895 727 470.
1922 650 2041 729 474-Ι

214 808 272 904 cfr.
300 804 370 897 Ι)Ι).
401 797 465 872 56.
495 796 543 875 57
575 796 604 869 Ι.
640 793 820 871 147-158
852 806 883 867 et
908 793 977 867 Lb.
1005 820 1035 865 e.
1055 788 1105 865 69
1140 788 1206 880 (ΙΙ.
1239 788 1334 881 383)
1370 821 1444 895 noce
1479 796 1598 867 omaro
1633 799 1866 869 oeconomiam
1903 798 2041 871 raratea

214 946 367 1023 Islondio
394 944 516 1044 optimc
542 941 712 1013 illustrant.

377 1088 438 1164 Ee
472 1088 607 1159 arbitrio
642 1084 903 1159 contrabentium
932 1083 1104 1183 pendebat
1128 1110 1213 1156 num
1240 1095 1426 1157 contractus
1452 1083 1494 1157 de
1516 1086 1648 1184 proedio
1676 1088 1795 1159 rustico
1823 1116 1847 1159 a
1876 1086 2018 1159 damino

213 1238 329 1313 colono
362 1228 635 1326 (Leiglendingr)
666 1232 746 1303 inito
770 1230 967 1329 perplures
994 1242 1055 1300 out
1076 1230 1252 1328 pauciores
1277 1254 1388 1300 annos
1415 1228 1564 1313 iniretur,
1604 1232 1666 1303 scd
1690 1258 1733 1302 ex
1757 1232 1905 1329 generali
1925 1258 2041 1330 prusa

212 1408 318 1482 uuper
341 1378 480 1451 laudato
508 1404 578 1448 uon
606 1375 691 1446 ultra
719 1372 824 1447 XXI
846 1400 973 1458 anuos,
1008 1374 1073 1445 sed
1095 1376 1127 1445 si
1152 1376 1237 1446 intro
1264 1386 1395 1473 ternpus
1423 1387 1613 1446 concentum
1643 1390 1819 1447 moreretur
1844 1377 1985 1447 colonus
2010 1376 2041 1449 lu

212 1526 267 1599 dis
292 1524 422 1625 optioni
446 1521 684 1621 relinqeebotur
709 1548 756 1593 au
783 1518 835 1591 od
858 1519 1013 1618 reliquum
1042 1532 1172 1617 ternpus
1199 1529 1401 1590 contractum
1429 1519 1620 1591 continuare
1647 1521 1736 1591 oellct
1761 1548 1820 1592 uec
1847 1548 1906 1604 ne,
1943 1522 2012 1593 nisi
2021 1546 2041 1621 j

211 1670 352 1773 septimo
372 1672 452 1769 jam
481 1667 607 1739 estatis
633 1663 845 1736 hebdomade
867 1663 1085 1763 praterlapsa
1113 1662 1293 1745 decesserit,
1322 1674 1393 1733 turn
1421 1663 1508 1734 enirn
1532 1665 1713 1762 prosimus
1737 1667 1843 1737 boeres
1867 1666 2041 1767 colonicffi

211 1816 265 1889 od
286 1814 462 1885 teaninum
490 1838 596 1909 usque
623 1809 758 1907 legalem
773 1808 934 1909 fundum
961 1806 1159 1907 relirupendi
1184 1808 1314 1907 implere
1341 1808 1529 1891 tenebatur‚·
1563 1810 1631 1881 Kb.
1658 1838 1686 1882 c.
1709 1808 1760 1880 60
1784 1839 1822 1908 p.
1845 1809 1936 1885 473.
2000 1812 2041 1909 (le

214 1985 316 2059 quom
343 1957 479 2029 colonus
501 1956 640 2054 plenum
669 1953 910 2052 usumfructum
925 1952 1039 2053 sandi
1064 1954 1316 2035 rranersceretur,
1346 1952 1432 2025 adeo
1459 1966 1496 2023 ut
1508 1953 1647 2052 fructus
1672 1955 1720 2026 od
1739 1954 2041 2065 extraordinarios

214 2102 316 2201 cepere
338 2112 465 2201 posset,
498 2100 566 2170 nisi
588 2125 643 2169 eos
669 2098 826 2169 domiuus
851 2096 965 2169 diserte
989 2108 1178 2169 resonasset
1204 2092 1269 2185 (ΙΙ.
1296 2094 1409 2184 337),
1442 2110 1554 2169 tomen
1583 2098 1632 2169 eel
1656 2098 1833 2170 minimam
1849 2099 1965 2200 fundi
1983 2128 2040 2199 pot

214 2245 420 2318 sublocaado
443 2271 566 2344 poercoe
592 2212 794 2341 relegationis
821 2269 895 2313 reus
911 2240 1042 2340 fiebat,
1077 2270 1150 2340 qoae
1177 2218 1209 2313 et
1235 2269 1311 2314 eum
1340 2242 1465 2312 mousit
1492 2245 1548 2342 epi
1573 2243 1805 2328 eoredaeissen·
1837 2245 1904 2317 Lb.
1934 2273 1962 2318 c.
1984 2244 2034 2319 45

218 2388 307 2463 334.
367 2387 551 2463 Locorium
579 2389 646 2460 sibi
671 2414 695 2457 o
723 2388 840 2457 colono
865 2386 1098 2487 proestondum
1127 2414 1196 2458 nou
1224 2388 1309 2459 ultro
1336 2385 1446 2460 decern
1470 2416 1534 2485 pro
1563 2402 1711 2474 centum,
1745 2391 1778 2460 si
1802 2402 1882 2461 recte
1910 2388 2020 2475 rideo,

213 2536 327 2605 mutus
347 2535 416 2605 sibi
432 2534 586 2633 strpulori
600 2532 720 2631 potuit.
770 2530 814 2603 In
821 2532 979 2629 savorem
1002 2532 1112 2603 coloni
1130 2532 1251 2603 exstitit
1268 2532 1417 2630 priscum
1436 2532 1636 2617 institutum,
1664 2562 1708 2605 ex
1730 2562 1791 2634 qeo
1813 2536 1846 2605 si
1864 2548 2022 2635 qeatemo

204 2682 297 2778 jaree
322 2705 407 2779 pars
433 2677 536 2748 bourn
561 2688 652 2774 peste
679 2674 862 2759 interiisset,
896 2702 1010 2776 pagus
1037 2674 1215 2747 dimidium
1239 2677 1338 2774 pretii
1363 2703 1407 2748 ee
1426 2678 1522 2775 justa
1551 2678 1769 2751 cestirnotiouc
1794 2679 1862 2779 ipsi
1885 2682 2038 2753 resarcire

211 2823 368 2909 cubatum·
404 2821 473 2893 Kb.
504 2848 532 2891 e.
553 2818 604 2893 48
635 2818 680 2908 (Ι.
712 2818 807 2907 458)
843 2818 869 2907 ).

377 2965 510 3039 Merces
531 2966 819 3065 famulorum
854 2980 886 3038 et
918 2968 1225 3067 operariorum
1261 2970 1444 3044 secundum
1479 2998 1616 3072 operum
1644 2958 1804 3045 'elbersom
1833 2973 2021 3072 qeolitatem

197 3113 273 3210 suit
308 3108 465 3209 defiuita5
501 3137 561 3183 nec
596 3138 672 3182 eam
708 3111 786 3183 bero
817 3114 879 3184 sub
909 3139 1022 3212 poeno
1052 3116 1151 3186 trium
1182 3143 1372 3188 marcarum
1405 3144 1523 3215 angere
1553 3118 1660 3200 licuit‚·
1696 3120 1761 3211 ΡΙ).
1793 3117 1824 3187 Ι.
1854 3116 1926 3191 147
1940 3116 2040 3191 -146

210 3252 280 3321 Kb.
306 3280 346 3348 p.
371 3250 582 3323 464-468.
649 3251 709 3322 Ee·
736 3256 814 3348 jure
849 3265 906 3324 eet.
940 3253 999 3324 Isl.
1037 3256 1110 3326 eccl.
1147 3284 1174 3327 c.
1203 3256 1252 3328 13
1286 3273 1427 3357 apparet
1457 3261 1534 3332 bero
1556 3264 1618 3358 jus
1635 3263 1835 3359 samolum,
1874 3274 1952 3333 ante
1982 3275 2040 3333 tem

211 3407 402 3466 coueeutum
434 3392 647 3476 deserentem,
687 3420 712 3463 o
743 3394 883 3491 qeolibet
912 3394 1118 3479 sindicandi,
1156 3400 1248 3496 qood
1274 3428 1351 3470 curn
1379 3400 1573 3495 Vigeglumi
1601 3406 1634 3475 S.
1669 3434 1696 3477 e.
1725 3404 1774 3477 13
1802 3435 1846 3478 ss.
1880 3408 1962 3477 bene
1993 3434 2040 3479 cor

209 3541 267 3613 ru't.
323 3536 384 3611 Ee
408 3537 523 3609 eodem
548 3538 654 3637 capite
678 3537 859 3635 colligamus
878 3538 941 3633 jus
963 3537 1092 3609 modice
1118 3540 1304 3637 castigandi
1323 3543 1401 3614 bero
1421 3546 1458 3615 in
1481 3573 1537 3618 eos
1560 3552 1750 3648 competisse
1775 3551 1828 3649 (p.
1852 3549 1901 3621 56
1927 3553 1979 3623 ed.
2002 3551 2040 3623 77

209 3680 333 3770 belini).
401 3680 602 3779 Cuteroqein
633 3679 751 3751 Codex
785 3681 874 3751 miro
909 3682 1115 3752 bumonitote
1137 3683 1288 3780 somnlis
1317 3689 1437 3760 morbo
1464 3691 1694 3765 laborantibus
1722 3694 1899 3781 consuluit,
1937 3698 2002 3791 pp.
2029 3698 2039 3769 1

209 3826 278 3895 Kb.
306 3852 346 3923 p.
370 3822 470 3908 474,
507 3850 567 3893 nec
602 3848 672 3893 non
706 3824 747 3894 iis
782 3826 839 3923 qei
868 3826 1079 3897 matrimonio
1106 3827 1218 3923 jeuecti
1250 3826 1383 3903 diverses
1416 3831 1503 3906 leeris
1537 3837 1704 3919 semirent;
1741 3840 1805 3931 ΡΙ).
1840 3869 1879 3938 p.
1906 3838 1995 3914 151.
2028 3842 2039 3912 1

209 3969 278 4041 Kb.
300 3995 338 4066 p.
361 3963 451 4041 476.
507 3963 625 4064 Neque
650 3994 706 4037 eos
731 3968 787 4039 etti
806 3970 910 4067 preteo
936 3969 1070 4041 bobitos
1081 3971 1196 4067 fuisse
1220 3971 1297 4043 r'rede
1322 3978 1536 4075 manfistune
1551 3977 1618 4073 fit,
1648 3981 1739 4079 qood
1759 3980 1986 4079 deficientibus
2009 4012 2039 4057 n

209 4114 256 4187 cis
277 4110 470 4212 prodatis,
509 4135 586 4180 cum
614 4109 665 4179 ad
688 4138 795 4183 rerum
824 4113 1076 4184 estimationem
1103 4140 1162 4184 uec
1188 4141 1257 4185 non
1285 4116 1474 4191 divisionem
1502 4122 1638 4218 legalem
1666 4124 1819 4197 adbiberi
1839 4142 1993 4226 possent,
2029 4158 2039 4230 Ι

207 4267 412 4329 evocatorum
441 4280 574 4325 urunere
587 4252 714 4353 sungi;
748 4254 815 4327 Lb.
845 4285 943 4356 capp.
967 4254 1029 4329 14.
1059 4256 1120 4331 17.
1151 4255 1214 4329 46.

376 4392 464 4471 Cum
493 4396 759 4469 donationes
786 4380 900 4470 inter
924 4399 1041 4469 or'oos
1069 4389 1254 4493 (vingiasn)
1280 4406 1380 4503 opud
1394 4407 1550 4483 Isloudos
1576 4426 1682 4485 essent
1693 4416 1989 4513 sreqeentissimoe,
2018 4450 2039 4493 u

207 4548 243 4617 iu
269 4568 384 4617 eorum
411 4538 555 4613 historin
566 4540 645 4639 sere
671 4542 783 4639 qeoeis
805 4542 936 4638 pagiua
962 4542 1080 4613 talium
1108 4544 1328 4618 donationum
1354 4554 1476 4624 mentio
1492 4550 1561 4652 fit,
1590 4558 1632 4629 iis
1652 4558 1790 4656 plenam
1816 4563 1880 4631 eim
1907 4560 2026 4637 deeu

210 4766 2039 4809 --——--——---------—-—-—-—-—.-

284 4911 316 4980 ¹⁹)
348 4914 418 4971 llos
443 4924 546 4969 tomen
570 4924 666 4987 eaput
691 4932 745 4969 aee
769 4932 831 4971 non
854 4932 977 4991 sequeus
997 4930 1069 4969 eum
1091 4912 1128 4969 ia
1148 4914 1221 4971 coa
1244 4916 1331 4989 regio
1349 4932 1411 4973 non
1432 4918 1612 4977 inueniatur·
1632 4924 1677 4992 (o.
1698 4930 1796 4994 not),
1821 4929 1903 4987 illud
1923 4933 2038 4993 timim

339 5012 463 5067 serioris
487 5010 606 5067 demum
630 5014 693 5069 oeoi
716 5033 779 5069 eece
803 5014 931 5073 ridetur.
993 5012 1079 5072 lderu
1110 5010 1284 5085 beneficium
1310 5014 1425 5071 colonis
1444 5018 1614 5091 preeclr'atis
1639 5040 1700 5077 noa
1725 5026 1824 5084 solum
1848 5029 1954 5104 quoad
1971 5054 2038 5108 pem

339 5108 393 5161 sed
414 5118 443 5163 et
468 5108 574 5183 quood
595 5108 698 5167 domos
722 5117 856 5185 majoris
876 5114 973 5187 pretii
997 5132 1034 5169 es
1058 5130 1128 5185 cap.
1150 5106 1193 5169 49
1218 5112 1411 5186 competebat.
