4522 5850
792 337 861 388 -'·
925 325 1086 412 XXIII
1152 370 1221 389 -

40 579 97 640 tus
132 569 192 670 qvi
223 595 249 643 o
281 567 360 641 sede
390 568 555 671 spiscopi
575 596 688 672 »qoam
722 569 887 643 Gissurus
916 571 1051 673 primus
1080 569 1243 644 Scalliolti
1262 554 1489 670 fundauerat,
1528 567 1764 644 Seallroltensis
1795 569 1966 645 d‘eebutcer

40 688 134 784 odeo
156 711 279 786 de‘tettus
299 728 395 799 esset,
425 728 464 787 ut
485 713 743 787 deminutionem
765 690 930 787 redituum
944 715 1053 815 facile
1073 702 1236 787 sustinere
1243 686 1378 816 posset,
1407 716 1497 791 idem
1521 716 1685 789 Gissurus
1713 715 1819 805 (anno
1843 714 1964 806 1105)

44 871 169 930 metor
179 858 269 961 fiat,
307 873 346 932 ut
366 874 490 959 prater
514 860 610 932 illum
637 886 744 934 nouus
768 859 995 962 Episcopatus
1022 861 1204 959 erigeretur,
1242 858 1404 933 Holensrs
1431 860 1555 970 dutus,
1593 861 1629 933 iu
1647 863 1809 962 sanorem
1835 859 1964 932 incolo-

48 976 340 1104 mm'qoadnntis
362 1006 621 1104 septentn'onalis
644 1006 708 1078 boc
723 1008 804 1105 jam
824 1007 948 1107 aliquot
966 1033 1078 1077 annos
1088 1005 1340 1104 flagitantium,
1369 1004 1586 1108 decumaque
1610 1019 1642 1079 ot
1666 1007 1760 1079 bono
1784 1004 1886 1106 hujus
1910 1005 1963 1076 in-
2051 1022 2063 1054 r

51 1149 135 1221 suta
157 1153 266 1251 partis
292 1149 345 1222 ad
369 1152 474 1251 boscus
501 1152 767 1224 sustentationem
795 1152 985 1225 dicerentur
1010 1149 1115 1239 (auno
1142 1148 1265 1240 1101)
1281 1137 1325 1238 ').

211 1294 327 1368 Multo
352 1310 454 1368 antea
479 1297 555 1369 cleri
579 1298 760 1369 auctoretas
778 1299 859 1395 jam
883 1295 968 1368 adeo
994 1297 1126 1370 creuisse
1139 1297 1269 1398 fertur,
1299 1308 1337 1369 ut
1360 1296 1449 1370 circo
1474 1321 1605 1368 annum
1631 1295 1737 1370 1050
1764 1294 1831 1388 (vel
1847 1299 1964 1400 potius

59 1439 174 1532 1053)
204 1441 379 1516 odeacmr
407 1453 445 1514 ut
467 1444 529 1541 jus
555 1442 643 1514 ende
671 1471 802 1543 semper
826 1442 949 1515 ceduet
966 1443 1041 1542 juri
1064 1471 1160 1517 sano
1174 1431 1246 1535 ”),
1283 1442 1376 1545 quod
1401 1441 1545 1516 edictum
1574 1445 1744 1544 repetitum
1762 1445 1878 1544 suisse
1902 1471 1966 1546 per

64 1584 179 1662 tituta
202 1614 295 1662 anno
321 1586 426 1660 1080
457 1586 587 1678 (rectius
615 1588 747 1678 1081).

212 1733 295 1807 Hoc
311 1731 453 1806 edr'ctum
471 1746 583 1805 autem
600 1732 702 1805 modo
719 1734 960 1834 betelz'gendum
983 1761 1052 1806 asse
1074 1730 1198 1807 uidetur
1217 1731 1259 1804 de
1278 1731 1405 1831 legibus
1423 1746 1455 1807 et
1473 1731 1762 1807 consuetudbribus
1778 1736 1961 1836 prateritis,

80 1903 131 1977 oea
142 1879 364 1952 ethnicismum
381 1879 574 1964 redolerent,
603 1905 673 1950 non
691 1906 763 1952 vero
782 1880 823 1951 de
831 1881 972 1981 suturis.
1025 1878 1076 1951 V
1067 1881 1108 1950 is·
1125 1880 1212 1949 enim
1229 1891 1302 1950 tom
1320 1879 1407 1950 altas
1423 1878 1551 1950 radices
1567 1877 1751 1950 hierarchia
1767 1892 1840 1951 tum
1857 1894 1966 1980 egam

80 2022 242 2097 utblandi
269 2024 386 2096 udat
409 2026 578 2127 potuerint
606 2024 643 2095 in
674 2023 715 2096 id
738 2026 914 2097 consentire
942 2037 980 2097 ut
1005 2051 1088 2096 suas
1114 2023 1198 2121 leges
1224 2024 1275 2095 vel
1297 2024 1333 2094 in
1356 2037 1528 2124 postentm
1555 1990 1692 2096 arbitdb
1719 2026 1795 2098 cleri
1817 2026 1964 2100 submit-

81 2177 158 2240 tant.
217 2167 323 2241 Hanc
349 2169 438 2242 utatis
465 2169 563 2242 edicti
587 2169 653 2241 oirn
681 2171 869 2271 neutr'cpuam
884 2171 1000 2271 suisse
1027 2196 1106 2241 cum
1133 2197 1178 2240 ex
1204 2168 1330 2240 silentio
1359 2167 1443 2242 Arii
1467 2169 1505 2239 in
1530 2166 1687 2253 Schedc's,
1720 2182 1795 2240 tum
1819 2172 1964 2245 aucton's

82 2307 331 2412 ffio'striSogoe,
363 2328 437 2386 tum
459 2313 600 2415 denique
619 2342 734 2386 comm
756 2315 813 2416 qui
833 2313 1104 2413 Hungurvaltam
1128 2314 1402 2412 conscripsenent,
1435 2313 1577 2411 collegere
1598 2313 1670 2387 licet
1684 2303 1764 2405 m).
1822 2311 1965 2388 Accedit

27 2504 31 2511 -
84 2454 147 2552 pot
160 2457 231 2530 tales
250 2463 479 2558 proemgatieoe
502 2461 538 2532 in
558 2463 636 2560 jure
661 2460 872 2533 ecclesiastico
899 2460 1113 2531 ueautbstmo
1139 2457 1308 2530 Islandieo
1332 2484 1403 2529 non
1426 2458 1500 2532 uolo
1525 2486 1586 2531 nee
1609 2460 1775 2558 vongum
1803 2471 1961 2546 occurrat,

85 2599 235 2701 stipantes
247 2604 513 2703 jun'sdictconem
535 2604 571 2675 in
591 2605 748 2705 pluribus
769 2604 895 2688 causes,
926 2629 1000 2704 qua
1019 2603 1105 2676 alebi
1123 2603 1269 2704 adfora
1290 2604 1505 2677 ecclesiastica
1525 2604 1741 2691 traherentur,
1771 2604 1869 2678 ueluti
1885 2632 1963 2678 ma-

10 2803 11 2808 1
86 2745 302 2834 dunatus,
337 2749 451 2821 adhuc
466 2750 561 2849 soris
587 2749 735 2821 ciuilibus
763 2750 966 2849 competisse.
1031 2748 1106 2849 Ego
1130 2752 1246 2850 potius
1273 2748 1464 2822 crediderim
1491 2749 1592 2822 talem
1615 2763 1813 2850 potestatem
1840 2751 1963 2825 clerum

9 2978 15 2991 ·
87 2887 134 2959 Sili
151 2904 212 2967 tm
242 2894 380 2967 demum
409 2921 596 2993 arrogasse,
636 2893 700 2965 ubi
723 2895 834 2993 grauis
864 2894 923 2965 illa
949 2922 1071 2995 pugna
1097 2896 1181 2965 inter
1205 2893 1395 2993 Episcopos
1420 2904 1453 2965 et
1478 2894 1653 2993 optimates
1680 2893 1818 2994 dejure
1839 2911 1962 2997 patro·

10 3104 36 3313 ²}
90 3046 158 3107 ottus
175 3040 319 3124 unietur,
352 3038 504 3139 adeoque
529 3039 660 3111 labente
687 3038 804 3111 Secula
833 3037 960 3110 decbno
990 3039 1080 3109 tertio
1094 3026 1191 3127 m).

145 3275 166 3348 ²)
190 3284 267 3343 Vide
293 3284 431 3353 Arium,
458 3282 671 3353 &cristol-S„
696 3283 973 3359 Hungurvalram,
999 3283 1314 3361 Sturlunga-Sagam
1333 3284 1409 3341 locis
1428 3287 1548 3343 citatis.
1601 3286 1667 3343 Hie
1687 3286 1965 3365 Episcopatus'ad

183 3402 297 3442 annum
322 3405 415 3464 usque
442 3385 524 3441 1801
554 3383 716 3453 substitit,
748 3383 803 3440 sed
833 3403 872 3441 ex
902 3404 936 3441 eo
970 3395 1103 3461 tempore
1128 3403 1207 3442 unus
1232 3383 1321 3443 modo
1346 3383 1538 3462 Episcopus,
1569 3396 1605 3443 ut
1623 3389 1741 3462 primis
1765 3386 1962 3465 temporibus,

183 3493 280 3543 totam
304 3485 443 3543 insulam
468 3486 503 3542 in
528 3482 616 3542 rebus
641 3484 853 3542 ecclesiasticis
877 3485 967 3560 regit.
1031 3485 1281 3561 Descriptionem
1305 3484 1440 3542 aeteuoe
1464 3483 1658 3545 cathedralis
1682 3487 1822 3546 Holame
1845 3486 1960 3563 forma

181 3587 297 3642 tuteris
328 3587 515 3662 prastantis
549 3581 690 3643 exbibet:
724 3582 855 3644 Icelond
886 3582 926 3662 by
958 3582 1113 3642 Ebenezer
1143 3584 1349 3667 Intenderson'
1396 3585 1465 3644 Vol.
1497 3586 1525 3644 I.
1580 3583 1769 3662 Edinburgle
1803 3587 1888 3644 1818
1925 3606 1959 3664 p.

10 3690 19 3737 t
182 3684 349 3745 105-108.

10 3828 12 3843 ¹
126 3789 164 3866 “l
188 3802 265 3863 Sunt
295 3810 350 3886 qvi
378 3817 489 3886 putent
519 3804 580 3865 boo
610 3805 744 3865 edietum
766 3805 861 3865 Anno
893 3805 1016 3865 &mum
1041 3806 1126 3866 1253
1152 3806 1310 3865 conditum
1331 3804 1443 3884 fuisse
1467 3808 1545 3865 moti
1570 3811 1758 3866 auctoritato
1781 3806 1961 3867 Annalium
2082 3845 2087 3851 -

181 3904 414 3985 Flateyensium
437 3919 467 3965 et
487 3909 575 3978 juris
599 3906 670 3966 eccl.
695 3906 855 3966 Arnoeani
877 3926 903 3964 o.
926 3910 963 3982 9,
990 3906 1046 3966 sed
1066 3908 1101 3968 F.
1120 3905 1301 3967 lohannaeus
1331 3904 1422 3979 (hist.
1447 3907 1518 3966 ecel.
1550 3907 1578 3967 1.
1610 3929 1636 3967 o.
1659 3910 1676 3965 1
1712 3917 1748 3976 5.
1768 3910 1812 3965 12
1836 3929 1873 3986 p.
1895 3910 1959 3969 133

180 4018 236 4064 not.
255 4006 292 4078 b)
318 4008 422 4066 docuit
446 4005 531 4066 tane
555 4007 716 4078 bettonem
738 4027 801 4064 esse
824 4009 974 4066 vitiosam
994 4017 1025 4064 et
1045 4009 1079 4064 in
1101 4006 1327 4085 exemplaribus
1349 4007 1488 4065 naboris
1509 4019 1592 4066 notae
1613 4009 1678 4085 legi
1700 4009 1784 4068 1053
1792 4027 1807 4078 ,·
1832 4007 1891 4086 afr.
1914 4007 1959 4068 ed.

173 4107 256 4177 luris
282 4108 352 4165 ecel.
377 4107 457 4167 Arn.
483 4127 562 4165 cura
590 4105 769 4165 Tleorleele'ne'
788 4126 822 4183 p.
843 4101 957 4165 54-56
984 4104 1038 4164 ubi
1062 4118 1138 4165 nota
1165 4106 1212 4165 ad
1234 4117 1352 4165 textum
1370 4127 1407 4184 p.
1425 4106 1467 4164 56
1491 4109 1595 4166 uaria
1620 4109 1763 4167 lectiones
1787 4109 1873 4167 eirca
1898 4126 1962 4168 an-

10 4216 29 4735 k
178 4221 250 4264 num
268 4205 364 4280 liujus
380 4208 475 4265 edicti
494 4206 689 4285 adferrentur.
740 4205 932 4283 Arngrimus
951 4199 1147 4284 inOrymog.
1165 4227 1202 4284 p.
1223 4210 1287 4267 109
1309 4204 1406 4266 habet
1426 4225 1547 4264 anmem
1563 4208 1663 4268 1050..
1711 4207 1868 4267 Attamen
1883 4227 1960 4267 con·

179 4313 228 4363 tra
254 4309 441 4365 sententiam
465 4308 505 4365 F.
523 4304 693 4365 Iohannoet
709 4317 840 4385 pugnat
864 4305 947 4386 quod
968 4309 1068 4365 etiam
1089 4308 1125 4366 tn
1145 4306 1240 4366 Arna
1259 4306 1399 4385 Biekups
1417 4305 1454 4365 S.
1476 4325 1504 4366 o.
1520 4307 1565 4368 28*
1584 4328 1619 4389 p.
1636 4305 1680 4368 tt
1705 4309 1833 4386 legatur
1857 4327 1961 4368 annus

178 4402 293 4464 damini
318 4409 413 4468 1253.

114 4504 163 4587 ml
187 4527 223 4586 Ρ.
247 4525 441 4587 Joleannaus
466 4528 585 4607 quidem
608 4523 867 4606 Huwvalam
891 4539 998 4588 testem
1023 4527 1160 4613 aduocat
1183 4527 1229 4588 ad
1251 4527 1451 4590 autluntiam
1475 4528 1575 4590 edicti
1592 4526 1684 4589 Anni
1710 4529 1796 4588 1053
1811 4527 1960 4615 ,proban-

179 4625 267 4696 dam,
294 4627 350 4685 sed
371 4625 496 4705 defugit
522 4641 663 4688 autorem
686 4625 746 4687 leoo
769 4630 1000 4699 testinnonium
1025 4628 1072 4687 ibt
1089 4629 1173 4686 enirn
1192 4641 1348 4688 narratur
1371 4650 1397 4688 e.
1416 4626 1437 4689 4
1458 4649 1493 4708 p.
1510 4625 1555 4688 40
1575 4629 1695 4688 incolas
1714 4627 1865 4687 selandia
1879 4647 1960 4706 pro·

20 4742 27 4813 j
180 4730 310 4786 mississe
335 4728 481 4804 Glauco,
516 4740 551 4786 ut
576 4749 644 4787 eum
670 4727 857 4787 adducerent
882 4728 927 4785 ad
948 4729 1191 4807 Episcopatum,
1226 4749 1313 4808 quem
1337 4727 1588 4808 deprecabatur,
1619 4726 1834 4796 ambiendum,
1868 4749 1899 4784 se
1924 4730 1960 4786 in

24 4818 28 4831 '
179 4827 315 4885 omnibus
340 4827 505 4886 mandatis
530 4828 663 4898 diuinis,
689 4850 757 4908 qvoe
779 4830 820 4887 ite
842 4827 1054 4904 significaret,
1075 4841 1236 4909 promtam
1258 4828 1465 4891 obedientiam
1484 4831 1691 4907 praestituros.
1746 4827 1866 4886 Contra
1888 4826 1960 4886 inde

179 4928 370 5004 colligimus,
401 4927 535 5007 primum
560 4926 617 4985 leoo
642 4948 705 4987 uon
730 4939 828 4987 antea
853 4930 886 4986 in
916 4939 1099 5006 perpetuum
1117 4928 1226 5007 fuisse
1251 4933 1427 5002 sancitum,
1461 4929 1548 4989 alias
1573 4926 1631 4985 boc
1657 4929 1847 5004 promissum
1868 4927 1960 5006 soret

180 5045 417 5105 urperuacuum,
451 5027 520 5087 dein
546 5047 583 5086 ne
607 5027 665 5087 leae
690 5029 811 5108 quidem
831 5028 993 5106 plebiscito
1018 5030 1099 5087 cives
1123 5049 1155 5087 se
1180 5033 1419 5108 inperpetuum
1442 5027 1562 5089 talibus
1586 5026 1695 5086 ede'otis
1719 5026 1879 5089 struaridis
1904 5026 1959 5084 ob·

179 5129 361 5195 strinxisse,
394 5125 449 5184 sed
469 5127 557 5185 modo
583 5127 656 5187 dum
681 5129 829 5188 Gissuruo
854 5127 928 5186 tute
953 5128 1123 5206 episcopali
1147 5132 1269 5187 muneri
1285 5140 1444 5206 praesset.

10 5226 19 5265 ²
105 5224 164 5310 'ml
189 5247 245 5306 Hs
274 5244 348 5304 boee
378 5246 497 5327 quidem
526 5248 698 5328 incutiebat
728 5251 817 5319 circa
845 5270 964 5311 annum
990 5251 1076 5309 1180
1107 5270 1177 5309 cum
1201 5249 1371 5315 Thorlacue
1396 5251 1606 5317 Scatltolttna·
1626 5248 1697 5311 sedi
1708 5259 1877 5328 praesset,
1908 5246 1963 5306 sed
