4522 5850
1071 328 1140 347 -··
1207 282 1325 369 CLII
1390 326 1459 347 —

313 532 449 603 biston'a
477 531 579 630 bujus
605 528 815 631 legislationis
842 556 912 599 non
939 529 1023 599 satis
1048 526 1209 601 illustrata
1235 528 1295 613 sit,
1333 529 1420 603 nibil
1444 530 1522 602 certi
1544 530 1611 602 bac
1637 528 1679 603 eie
1705 556 1740 603 re
1766 534 1869 605 statui
1892 546 2015 637 potest.
2085 532 2231 609 Isiondis

315 678 356 749 tle
393 679 459 751 bac
493 706 579 751 nona
612 678 680 777 iege
715 689 753 746 ut
786 674 985 747 intoiembiii
1011 677 1096 774 jugo
1125 676 1328 773 perennibus
1355 674 1513 749 Haconis
1528 675 1630 776 filius
1655 688 1688 755 et
1713 704 1896 765 successor,
1935 680 2020 753 Res·
2050 680 2231 777 Nonrgia

317 826 464 919 Magnus
493 825 686 924 cogmomine
712 820 913 915 Lagabuter
939 848 978 893 eo
1005 820 1135 921 pridem
1162 821 1299 892 nomine
1325 822 1500 920 satiffeeit,
1538 835 1576 899 ut
1608 822 1701 895 illurn
1737 824 1895 909 oboleret,
1933 854 2005 898 non
2031 840 2154 899 tamen
2180 828 2227 909 iis,

317 967 407 1069 qood
431 970 621 1052 eolnrssent,
655 968 796 1069 pustino
817 968 894 1065 jure
920 966 1036 1038 itemm
1053 966 1136 1065 snei
1160 968 1334 1051 concessit,
1370 967 1434 1039 sed
1456 968 1560 1041 olium
1589 995 1634 1039 e.e
1661 968 1724 1041 boe
1751 968 1880 1070 qeidem
1908 972 2022 1071 alinea
2052 1000 2102 1045 es
2124 986 2228 1073 parte,

317 1114 380 1186 sed
402 1114 506 1187 mutto
535 1117 645 1215 magis
672 1142 716 1187 cx
743 1112 816 1196 tto,
855 1140 947 1211 orem
978 1111 1141 1210 Nonegis
1167 1112 1282 1183 eodem
1309 1125 1455 1215 ternpore
1483 1112 1574 1185 dedit
1580 1168 1590 1198 ,
1616 1115 1812 1216 sonnatum
1836 1144 1900 1215 per
1924 1116 2230 1219 Moraplrrlacem

317 1262 410 1347 Jon,
452 1289 545 1362 qt’enr
580 1263 616 1333 in
651 1260 822 1333 consilinm
860 1257 1077 1342 adhibuerat,
1113 1258 1312 1346 transmisit,
1349 1272 1451 1360 atque
1480 1272 1561 1360 post
1589 1259 1715 1332 multas
1742 1260 1926 1332 incolomem
1954 1264 2233 1363 tergiversationes

317 1408 452 1480 tandem
481 1409 527 1480 ab
557 1408 599 1478 iis
626 1407 785 1489 obtinuit,
823 1416 860 1475 ut
885 1404 1075 1504 reciperetur
1090 1393 1135 1491 *).
1200 1403 1297 1476 Idem
1328 1405 1438 1505 levorem
1470 1403 1589 1478 Codex
1620 1404 1698 1477 inde
1725 1406 1771 1476 ab
1799 1405 1864 1477 boc
1889 1420 2037 1507 tempore
2067 1405 2122 1481 ad
2148 1408 2234 1481 bunc

318 1579 423 1651 usqne
451 1554 538 1625 dir-m
563 1582 628 1655 pro
651 1556 727 1652 jore
754 1550 916 1623 islandia
944 1554 1118 1622 conrnruni
1141 1551 1277 1624 babitus
1304 1564 1369 1636 est,
1409 1552 1618 1653 qcarrtnmois
1644 1552 1677 1623 ei
1700 1552 1737 1623 in
1760 1550 1914 1653 pbtnbus
1941 1555 2095 1627 maten'cs
2123 1552 2235 1627 eiiictis

313 1700 552 1793 posterioribus
579 1700 770 1797 rlemgatnnr
800 1698 842 1767 sit
869 1709 900 1769 et
930 1698 1050 1769 (inclini
1073 1696 1258 1797 Nomegico
1288 1696 1472 1770 Cbristiani
1497 1697 1600 1798 quinti
1622 1698 1664 1771 in
1688 1700 1764 1796 jnre
1791 1699 1997 1798 processuoli
2021 1712 2058 1773 et
2082 1700 2236 1771 nonrml-

318 1840 359 1911 b's
386 1843 461 1914 aliis
482 1844 570 1940 jnris
599 1845 763 1942 capitibus
789 1844 862 1913 sain
890 1845 1069 1913 auctoritas
1095 1844 1218 1915 tributa
1245 1845 1288 1915 sit
1301 1833 1363 1930 ¹¹¹).

494 1988 581 2059 Cum
606 2000 717 2059 autern
740 1988 803 2059 boc
825 2014 910 2057 noea
924 1989 1016 2085 jure,
1047 1986 1209 2061 Jirnsbirk
1234 1988 1337 2073 dieto,
1367 1988 1424 2061 lec
1450 1984 1587 2090 Greigeis
1612 2015 1680 2060 non
1707 1988 1822 2059 diserte
1846 1990 2065 2088 abrogaretur
2088 1990 2236 2065 eredide-

321 2130 383 2199 rim
419 2131 509 2203 bane
545 2134 645 2233 Iegem
682 2133 899 2204 nibilominus
931 2134 1109 2233 pristinam
1146 2136 1372 2207 orretorr'tatem
1408 2136 1468 2209 diu
1501 2138 1537 2208 in
1569 2136 1610 2207 iis
1637 2135 1736 2207 rebus
1762 2162 1906 2206 servasse
1933 2134 1973 2207 dc
2000 2138 2129 2239 quibus
2158 2136 2238 2209 iliud

314 2276 374 2371 jus
407 2278 495 2349 nibil
523 2280 639 2351 statuit
646 2334 656 2363 ,
694 2252 844 2379 aeieoqne
867 2279 1081 2378 potissimum
1110 2282 1147 2352 in
1174 2281 1233 2365 iis,
1272 2307 1346 2381 qen
1373 2281 1426 2353 od
1449 2281 1678 2353 oeconomiam
1706 2278 1847 2352 ruralem
1876 2285 2051 2380 spectant}
2079 2282 2180 2385 qiud
2201 2310 2235 2356 eo

321 2426 432 2521 magis
456 2438 503 2496 est
526 2427 591 2496 ocri
611 2424 731 2509 sinriic,
760 2452 836 2497 cnm
865 2423 1001 2497 Islnndi
1023 2424 1086 2497 sub
1115 2426 1326 2498 monarebico
1354 2439 1444 2499 statu
1472 2426 1680 2498 autonomioe
1698 2426 1776 2525 jure
1797 2452 1861 2525 per
1886 2427 1996 2499 secula
2024 2426 2235 2529 aliaeatenus

296 2570 392 2665 ..srni
412 2581 666 2669 perseuerarent,
702 2570 750 2643 ita
778 2582 816 2641 nt
842 2598 918 2643 cum
947 2570 1053 2643 edicta
1080 2571 1115 2642 in
1143 2568 1272 2664 Alp1ng
1298 2570 1369 2643 Iota
1396 2584 1468 2643 turn
1496 2599 1548 2643 res
1567 2570 1734 2670 juob‘cntre
1760 2597 1882 2643 norum
1902 2574 1966 2671 jus
1979 2573 2146 2674 facerent
2158 2566 2232 2665 ¹¹³¹).

323 2710 416 2784 ilinc
436 2716 580 2814 facilins
608 2716 790 2817 intelligitur
815 2746 874 2790 cur
899 2743 969 2788 non
998 2716 1174 2816 defuerint,
1211 2716 1268 2816 qni
1293 2743 1419 2789 munus
1445 2717 1618 2818 antiqranr
1645 2716 1746 2815 tegern
1777 2711 1916 2817 Greigris
1943 2720 2097 2819 qvamvis
2126 2728 2236 2823 nnrjo-

321 2859 366 2929 ris¹
393 2862 542 2934 ambitus
570 2864 668 2934 etiarn
694 2876 774 2962 post
800 2862 890 2934 bone
911 2889 1033 2933 norom
1056 2861 1288 2961 legislationem
1311 2862 1556 2935 accuratissime
1579 2860 1787 2934 exscribendi
1806 2866 2021 2965 susciperent,
2052 2868 2180 2969 qnippe
2201 2896 2236 2941 eo

321 3034 389 3077 non
418 3008 525 3079 solum
555 3009 756 3109 orttiepitatis
782 3009 954 3082 scn’arrdee
981 3008 1110 3092 studio,
1148 3007 1210 3081 sed
1234 3010 1335 3081 ettam
1355 3007 1627 3110 jurisprudentia
1654 3008 1772 3080 usibus
1799 3010 2046 3109 satisfacientes.

402 3352 434 3419 1)
471 3353 549 3409 Vide
582 3354 724 3428 amplam
754 3352 817 3411 trae
842 3353 879 3410 ele
903 3372 936 3408 re
960 3353 1194 3419 narrationem,
1227 3353 1262 3408 in
1285 3351 1371 3410 Arna
1394 3350 1519 3431 biskups
1545 3355 1576 3413 S.
1601 3376 1668 3431 qnee
1694 3355 1838 3411 nltimam
1858 3368 1985 3431 partem
2010 3356 2109 3433 efficit
2136 3368 2237 3439 operis

458 3453 629 3529 Islendinga
647 3454 676 3511 S.
694 3451 749 3511 hin
767 3453 862 3511 mikla
885 3453 930 3511 II.
953 3472 986 3527 p.
1008 3441 1084 3517 2‘10,
1110 3450 1153 3505 ed.
1171 3450 1275 3526 Ilufie.
1295 3452 1381 3507 1820
1406 3472 1431 3507 o.
1450 3456 1469 3509 9
1491 3473 1524 3530 p.
1543 3455 1594 3512 13.
1616 3450 1656 3511 11
1683 3474 1708 3509 e.
1727 3456 1765 3511 21
1789 3474 1814 3510 c.
1834 3456 1934 3511 27·3l
1955 3478 1989 3534 p.
2007 3454 2131 3535 45-52,
2158 3464 2236 3521 unde

454 3564 544 3629 patet
560 3554 714 3631 quaedam
727 3554 846 3630 qeidern
861 3555 1007 3609 sectiones
1021 3547 1116 3621 trojus
1131 3549 1254 3607 Codicis
1268 3548 1338 3606 inde
1354 3550 1395 3607 ab
1412 3570 1495 3609 anno
1511 3554 1594 3610 1271
1613 3553 1692 3629 legis
1708 3556 1772 3612 nim
1787 3552 1964 3624 obtinuisse,
1985 3556 2042 3614 cert
2054 3570 2157 3618 totum
2174 3564 2235 3621 Co·

458 3652 555 3708 dicem
572 3650 692 3709 demum
703 3664 773 3728 post
790 3652 905 3709 obitum
920 3651 1042 3723 Magni
1058 3650 1156 3725 Regis
1170 3667 1251 3706 anno
1268 3650 1363 3725 1281,
1379 3650 1472 3708 Erico
1488 3654 1557 3725 ejne
1563 3653 1639 3726 sitio
1655 3656 1708 3710 cni
1724 3673 1890 3729 cognomen
1906 3654 2147 3718 ”Praestelmdor'
2155 3666 2231 3733 jen·

458 3762 580 3825 sceptro
599 3761 735 3819 tenente,
759 3770 869 3827 neqve,
895 3761 928 3805 ut
948 3750 1040 3824 enlgo
1057 3751 1224 3817 asseritur,
1251 3750 1446 3808 anno1280.
1496 3750 1548 3809 Ex
1568 3752 1673 3809 eadem
1693 3751 1826 3811 bistoria
1848 3752 1949 3811 Arna*
1967 3756 2119 3833 Ispiseopi
2132 3782 2165 3837 p.
2182 3760 2259 3834 tn,

459 3845 501 3903 47
516 3848 680 3915 discimus,
700 3852 885 3924 potissimae
905 3851 1139 3905 criminationes
1155 3860 1266 3906 eontra
1286 3847 1368 3905 bane
1388 3869 1503 3907 novam
1521 3852 1635 3925 tigrem,
1656 3854 1780 3928 partim
1802 3852 1842 3909 ab
1862 3854 2013 3931 Episcopo
2032 3858 2127 3915 Arnn
2146 3866 2224 3930 ejus-

460 3964 517 4023 que
532 3948 782 4023 asseclissaetos
789 3989 800 4016 ,
822 3951 942 4025 partim
962 3968 982 4005 a
1003 3950 1129 4005 rusticis
1149 3953 1222 4025 (qvo
1240 3950 1361 4005 nornine
1380 3968 1482 4006 ornnes
1501 3950 1579 4007 lirici
1595 3954 1647 4029 qni
1665 3955 1888 4027 magistratum
1904 3974 1965 4011 non
1979 3972 2142 4031 gesserunt
2157 3980 2259 4041 eon&

459 4049 620 4114 tinentnr).
674 4048 771 4104 Hane
786 4048 822 4106 ob
838 4068 968 4105 eausam
986 4048 1128 4124 aliquane
1144 4052 1347 4106 mutationem
1363 4046 1414 4105 bic
1433 4050 1533 4107 Coeles
1551 4055 1660 4108 statim
1676 4052 1788 4121 subiit,
1814 4052 1868 4110 sed
1880 4055 1975 4111 mutto
1992 4062 2145 4129 majorem
2156 4080 2259 4161 pos

459 4148 622 4221 repetitam
639 4150 819 4222 petitionem
838 4147 1038 4205 litandorum
1060 4150 1154 4205 annis
1177 4149 1261 4207 1293
1284 4160 1315 4206 et
1336 4147 1420 4206 1314
1427 4170 1436 4224 3
1461 4148 1519 4227 esr.
1536 4150 1579 4210 M.
1596 4148 1782 4230 Stephonsen
1803 4172 1908 4211 comm.
1930 4158 2039 4233 inaug.
2060 4158 2097 4215 de
2113 4157 2257 4255 tegitQ

459 4266 525 4322 qen:
548 4250 603 4314 jus
629 4247 822 4305 lelaneticnm
847 4246 1028 4305 hodiernum
1053 4248 1193 4325 efficiant
1217 4259 1271 4305 etc.
1323 4250 1463 4308 Ilaenioe
1481 4252 1566 4311 1819
1589 4272 1622 4329 p.
1644 4254 1716 4311 111.

387 4380 436 4447 ¹²)
469 4378 534 4453 (Isiu
562 4382 610 4437 M.
629 4379 815 4457 Stepbensen
839 4400 945 4439 comm.
972 4393 1032 4437 not.
1054 4400 1150 4457 prere.
1177 4380 1342 4439 laudatam
1364 4402 1399 4459 p.
1417 4384 1507 4441 3-20.

368 4511 435 4579 u·'*·'·)
470 4511 549 4570 Vide
575 4492 833 4571 eandern'cornm.
861 4516 909 4571 M.
929 4512 1112 4589 Stepbeneen
1131 4534 1166 4589 p.
1187 4514 1250 4571 158
1270 4535 1309 4572 es,
