4522 5850
1064 251 1483 423 -3025

410 514 498 619 fligi
521 515 665 622 sciptir
686 511 867 591 sculdom
891 513 938 591 til
965 511 1098 590 banda
1123 511 1228 589 tono
1407 512 1544 593 Donec
1562 519 1728 591 maritas
1739 518 1780 589 in
1796 519 1898 591 νίνίε
1912 515 2233 596 :scantianam

294 684 360 737 sva
380 679 422 738 at
437 663 550 765 :pair
565 689 686 737 menn
702 660 784 764 aigi
802 660 870 763 sip
884 659 990 738 hana
1007 659 1226 766 heimtiug,
1297 667 1414 739 uxori
1434 688 1513 737 non
1532 661 1774 751 attribuitur,
1804 676 1850 737 ut
1868 666 1957 764 qvis
1976 661 2035 741 ab
2056 689 2110 740 ea
2133 664 2235 757 (itae)

287 817 442 911 auepan
476 775 625 885 boaudi
659 807 818 884 henuar
852 805 957 900 tifir,
996 833 1113 883 nema
1144 804 1228 882 hou
1293 813 1452 912 exigere
1466 813 1606 909 possit,
1637 811 1715 883 nisi
1730 814 1811 923 ipsa
1829 810 1913 885 sola
1930 808 2013 887 sibi
2028 825 2236 887 contrusa·

297 951 379 1030 hali
412 953 479 1031 ein
514 956 584 1057 rip
614 954 673 1031 sic
704 952 860 1033 sculdir
891 971 973 1047 att,
1011 980 1064 1029 eu
1097 951 1228 1028 heim·
1291 958 1368 1043 αἰ,
1393 979 1529 1030 oerum
1555 957 1609 1031 ad
1632 957 1860 1032 solutionem
1886 955 2140 1048 debitorum,
2166 983 2237 1034 orn·

295 1102 347 1176 ilt
365 1112 484 1205 verpa
503 1100 651 1179 hanom
673 1103 730 1178 alt
748 1099 788 1177 fe
807 1102 942 1205 peirra
962 1100 1001 1200 ¹)
1020 1099 1068 1176 til
1085 1099 1225 1177 saulda
1292 1125 1365 1177 nes
1394 1105 1562 1204 ipsorum
1580 1103 1802 1207 facultates
1820 1105 1964 1215 ιιηαιίτὶ
1996 1104 2239 1207 dispositioni

296 1247 431 1353 gildis.
1285 1252 1376 1350 jure
1398 1247 1584 1325 abnam
1604 1255 1697 1340 sint.

1605 1880 1751 1969 Saeuo
1786 1880 1912 1970 Vlia.

1412 2023 1416 2029 ⁴
1462 2032 1533 2111 De
1554 2034 1751 2139 faedere
1782 2035 2066 2140 conjugali.

296 2178 544 2284 ICapituli:
582 2177 630 2255 oi
652 2187 723 2282 pat
751 2176 873 2253 hverr
902 2193 1002 2253 rettr
1030 2201 1075 2252 er
1102 2171 1226 2252 fastu·
1298 2178 1451 2256 ttatus
1477 2181 1523 2256 1.-
1560 2181 1610 2257 ὼ
1636 2208 1710 2272 eo,
1745 2186 1809 2287 qni
1834 2182 2032 2287 legitimus
2043 2183 2235 2288 faemina

304 2356 310 2361 ·
408 2325 503 2402 audi
524 2326 646 2401 tono.
738 2350 752 2377 ·
1404 2326 1656 2429 desponsator
1676 2326 1757 2404 sit?
2048 2301 2050 2304 Ι
2103 2356 2108 2365 ·

530 1968 992 2080 Festa-patto

253 2466 260 2477 ’
288 2476 331 2548 -11
348 2473 552 2579 Capituli:
585 2470 631 2547 oi
646 2440 767 2549 luitur
786 2499 832 2548 oc
851 2469 1096 2549 lraendsemi.
1293 2472 1362 2550 II.-
1392 2475 1441 2551 de
1461 2474 1664 2576 sponsaliis
1685 2490 1727 2551 et
1746 2478 1991 2579 cognatione.

295 2623 350 2696 111
370 2620 572 2726 Capituli:
605 2618 652 2694 oi
665 2618 776 2697 sifiar
793 2647 841 2697 oc
860 2621 979 2697 meisi
1001 2617 1120 2697 tiuud
1139 2620 1229 2726 (ny·
1293 2620 1385 2696 III:
1419 2621 1468 2696 de
1493 2621 1747 2727 affinitatibus
1772 2636 1815 2698 et
1837 2623 1996 2699 decimis
2022 2622 2231 2731 majoribus

406 2768 547 2868 mati).
888 2736 896 2743 .
919 2786 923 2793 ’
942 2836 954 2849 .
1405 2769 1573 2864 (novella
1589 2775 1843 2866 constitutio).

295 2918 351 2997 tv
369 2915 572 3022 Capituli:
605 2913 654 2991 oi
664 2913 775 2993 siliar
793 2912 1116 3020 hiarartveggio.
1293 2912 1379 2992 IV:
1409 2916 1458 2994 de
1475 2915 1728 3022 affinitatibus
1747 2922 1929 3021 utrisque.

294 3066 331 3143 V
353 3062 556 3170 Capituli:
590 3061 636 3138 ol
651 3070 723 3166 pat
747 3061 791 3140 ei
808 3089 850 3141 aa
874 3072 995 3167 verpr
1016 3028 1150 3160 aiucr,
1182 3089 1227 3142 er
1294 3061 1358 3138 V:
1394 3063 1444 3140 da
1469 3090 1541 3156 eo,
1575 3068 1611 3142 si
1636 3065 1809 3144 morbum
1838 3066 2017 3143 noidant
2041 3066 2139 3159 iiie,
2172 3070 2229 3144 cni

407 3211 511 3288 koua
534 3238 579 3286 er
597 3209 772 3313 siistnop.
1217 3256 1220 3261 ·
1389 3213 1567 3317 saemina
1587 3229 1648 3289 est
1668 3215 1912 3315 desponsata.

292 3362 346 3438 Vl
370 3359 571 3466 Capituli:
613 3357 660 3432 oi
679 3368 749 3460 pat
776 3356 819 3434 el
840 3359 951 3461 aptit·
978 3385 1100 3434 menn
1129 3357 1225 3436 firra
1294 3359 1340 3433 V
1334 3359 1359 3434 I
1365 3390 1379 3432 .·
1410 3361 1457 3434 de
1475 3387 1544 3451 eu,
1574 3365 1610 3436 si
1626 3363 1697 3437 alii
1715 3362 1834 3437 alicui
1852 3362 2120 3440 conditionem
2140 3389 2226 3464 nup

407 3536 528 3582 manu
550 3516 710 3608 rapum.
1405 3509 1532 3583 tiaIem
1554 3514 1838 3611 praeripuerint.

179 3639 186 3650 ’
294 3656 369 3732 ΠΙ
391 3655 594 3760 Capituli:
627 3651 674 3729 of
690 3662 761 3756 pat
782 3649 860 3728 hve
885 3652 990 3729 lona
1012 3679 1057 3729 er
1077 3669 1119 3729 at
1140 3653 1225 3760 lisg-
1294 3655 1400 3730 VII:
1431 3657 2223 3777 demodolegalisoeminasdespondendi.

405 3827 469 3874 om
490 3800 664 3903 lostuop.

293 3949 385 4025 vltt
415 3948 620 4052 Capituli:
669 3947 713 4022 oi
740 3956 811 4048 pat
844 3945 889 4023 ef
915 3947 1019 4024 lona
1054 3975 1098 4023 er
1131 3955 1224 4053 mep
1293 3949 1424 4026 VIII:
1459 3951 1508 4026 de
1533 3975 1606 4040 eo,
1641 3955 1860 4058 sifaemina
1885 3953 2123 4053 desponsata
2147 3979 2227 4059 gra·

404 4093 520 4169 baini
533 4149 546 4185 ‚
578 4122 625 4169 su
650 4121 693 4169 er
717 4094 877 4196 sostuop
900 4121 959 4169 er.
1404 4100 1488 4175 nido
1498 4099 1643 4205 fuerit.

290 4243 348 4319 tx
378 4241 583 4347 Capituli:
631 4239 677 4316 os
706 4240 925 4346 qvanlaugs
958 4239 1026 4346 eip
1058 4269 1105 4320 oc
1138 4244 1223 4350 tog·
1291 4244 1358 4320 IX
1363 4277 1376 4318 .·
1406 4246 1455 4322 de
1471 4251 1694 4350 juramento
1720 4249 1883 4350 nuptiali
1905 4263 1948 4324 et
1968 4253 2150 4349 pecuniis
2167 4248 2226 4324 di·

402 4388 582 4467 setta-ie.
647 4498 650 4502 .
1402 4399 1570 4470 casterii.

290 4539 330 4614 X
349 4537 550 4644 Capituli:
585 4535 631 4613 ol
644 4545 714 4639 pat
731 4535 809 4613 hie
827 4535 937 4613 silio
954 4537 1034 4613 scal
1053 4565 1123 4612 um
1142 4537 1225 4644 log-
1290 4537 1334 4615 X
1341 4568 1355 4612 .·
1384 4540 1562 4617 demntia
1577 4545 1765 4643 pecunias
1783 4543 1981 4620 dicaste'n'i
1994 4540 2151 4621 debitas
2167 4572 2227 4621 ac·

401 4682 584 4763 netto-le.
1403 4692 1508 4766 tione
1524 4693 1721 4794 exigendi.

290 4833 348 4906 XI
374 4832 577 4937 Capituli:
619 4830 665 4907 oi
688 4839 759 4936 pat
787 4828 833 4908 ei
855 4856 978 4906 meuu
1007 4828 1153 4936 byggia
1182 4845 1224 4907 at
1289 4833 1375 4910 XI:
1405 4837 1454 4913 de
1471 4864 1534 4926 eo,
1564 4844 1601 4912 si
1616 4843 1656 4912 in
1675 4845 1802 4942 quinto
1817 4838 1940 4943 gradu
1958 4838 2226 4932 (lineaecolla-

267 5082 275 5094 ι
401 4976 514 5055 fimta
538 4981 692 5057 manui.
1402 4985 1532 5060 teratu
1551 4989 1730 5092 aeqvalis)
1747 4989 1902 5092 cognati
1918 4972 2222 5094 conjunguntur}

341 5237 372 5338 ¹)
396 5247 429 5306 B
443 5264 514 5304 enm
528 5247 593 5304 ania
608 5248 793 5323 interponit:
819 5242 948 5316 athaia,
976 5245 1139 5318 adhibere,
1166 5252 1273 5322 (sensu
1287 5249 1414 5324 eodem).
