4522 5850
885 387 962 409 --
1018 345 1223 433 XXXVI
1288 389 1357 411 -

165 591 319 692 idemque
346 589 611 695 ants'qvmimus,
642 589 698 690 qvi
721 587 812 661 sotus
839 588 905 662 bos
931 591 1172 663 comtr'tuteones
1198 601 1236 662 ut
1262 588 1493 664 ecclesiasticas
1519 591 1621 678 sistit,
1649 589 1713 663 sed
1737 589 2007 664 constitutionem
2036 614 2089 661 ce-

165 736 286 809 lebrem
324 733 364 805 de
400 733 536 806 decimis
571 735 706 836 ob‘aqw
742 735 892 823 samua,
930 762 1005 836 qroe
1033 701 1253 808 aliicodiess
1283 761 1393 807 manu
1422 736 1537 836 scripo'
1564 722 1754 824 bobesff),
1793 735 1988 836 neutiqram
2022 758 2087 834 pro

162 892 258 981 parte
275 881 365 982 juris
391 878 430 950 T
425 876 747 951 borltllo-Kstdlani
770 881 937 980 agnoscit,
974 880 1052 954 inde
1079 880 1222 980 collegere
1248 879 1321 953 licet
1346 878 1421 952 bac
1448 881 1566 956 omru'o
1585 880 1674 983 pfun's
1701 881 1814 982 capito
1840 880 1962 953 sonore
1988 890 2085 954 oetutt

162 1024 244 1099 buic
263 1025 338 1126 juri
362 1022 521 1096 inmixta
536 1023 661 1123 fuisse.
1627 1005 1630 1015 .

302 1137 451 1272 3Neque
478 1168 549 1269 ipse
575 1180 686 1242 tectus
711 1168 808 1269 leges,
847 1167 952 1270 qralis
982 1167 1018 1239 in
1047 1167 1187 1242 editione
1218 1166 1414 1241 Tborlsclini
1441 1171 1574 1269 urgento
1602 1171 1737 1272 qvmqee
1761 1168 1933 1270 prion'bus
1961 1167 2081 1271 copii-

167 1314 233 1415 bus
258 1316 398 1400 sistitur,
436 1295 510 1415 qia
544 1327 738 1415 argumento
773 1328 804 1387 et
837 1313 950 1387 ordini
981 1313 1216 1413 septemdecem
1247 1315 1437 1414 primorum
1467 1315 1635 1386 titulorum
1666 1314 1788 1386 codicis
1813 1314 1895 1413 regii
1920 1311 2076 1415 qvedam-

166 1429 271 1533 modo
297 1426 512 1561 respondent,
548 1461 698 1533 nativum
729 1459 869 1532 colorem
901 1459 1025 1559 ubique
1052 1459 1202 1542 servaret,
1238 1454 1303 1530 sed
1325 1456 1403 1530 hinc
1430 1458 1517 1530 illinc
1544 1459 1777 1532 remotionibus
1803 1471 1835 1531 et
1860 1459 2072 1560 isterpolott't·
2139 1516 2142 1556 3

167 1606 267 1678 nibus
293 1605 424 1677 senous
451 1605 516 1697 uei
541 1618 730 1706 corruptus,
767 1617 806 1677 ut
835 1632 880 1676 eu
911 1603 1159 1703 comparatione
1191 1631 1267 1675 cum
1299 1600 1408 1674 codice
1435 1605 1521 1704 regio
1549 1616 1707 1704 apparet,
1746 1633 1774 1678 e.
1800 1632 1828 1676 c.
1860 1632 1938 1705 cap.
1965 1592 2067 1676 3⁵⁰de

167 1748 335 1852 baptismo
367 1750 539 1851 infernum
570 1749 673 1848 pluro
704 1748 925 1849 Tborlcls‘rrus
952 1748 1052 1820 ltabet
1078 1774 1152 1847 qeae
1179 1748 1214 1819 in
1242 1747 1352 1820 codice
1378 1748 1462 1847 regies
1489 1746 1553 1820 boc
1580 1747 1653 1820 loco
1682 1747 1926 1835 desiderantur,
1963 1746 2064 1821 sedis

168 1892 292 1966 ultimis
306 1894 410 1993 soliis
437 1894 540 1993 liujus
570 1890 719 1988 (Maces,
752 1920 826 1994 qva
840 1892 1055 1993 farraginem
1083 1893 1350 1966 constitutionum
1377 1894 1668 1968 ecclesiasticarum
1696 1894 1878 1979 cantitent,
1903 1892 1979 1994 juri
2001 1890 2065 1966 uiti

169 2036 287 2139 addita
308 2037 464 2140 'leguntur
479 2024 543 2126 *'').

246 2384 279 2454 *)
312 2385 589 2462 Manuseriptum,
615 2387 697 2465 qvod
712 2390 912 2465 potissimum
935 2399 1055 2447 secutus
1079 2398 1125 2445 est
1139 2384 1346 2446 Thorkelinus
1371 2388 1407 2444 in
1430 2385 1562 2443 editione
1586 2384 1683 2452 leuius
1699 2386 1808 2459 juris,
1835 2396 1903 2444 octo
1929 2381 2062 2462 capitibus

305 2483 342 2542 de
367 2484 493 2543 decimis
520 2490 592 2563 agit
618 2473 704 2562 ¹(cap.
732 2482 836 2544 36-44
856 2507 891 2564 p.
913 2483 1099 2556 140-164),
1125 2486 1232 2563 quibus
1258 2485 1407 2543 accedunt
1432 2485 1491 2542 duo
1517 2485 1630 2542 ultima
1656 2490 1739 2562 (cop.
1766 2487 1807 2542 50
1830 2497 1860 2541 et
1885 2486 1924 2543 51
1948 2505 1980 2562 p.
2000 2483 2062 2541 172-

303 2585 386 2654 176)
394 2625 406 2653 ,
429 2583 540 2662 sortus
560 2585 652 2661 forte
679 2589 886 2662 posteriorum
911 2597 1088 2662 temporum.
1149 2587 1375 2661 Manuscripto'
1405 2596 1528 2652 autern,
1563 2604 1620 2662 qvo
1652 2605 1725 2642 usus
1756 2594 1801 2641 est
1833 2586 1868 2643 F.
1893 2582 2062 2650 Iohannem,

215 2746 220 2751 ,
303 2682 411 2742 eudem
437 2685 617 2742 constitutio
643 2685 731 2742 modo
756 2706 809 2743 sex
833 2687 943 2762 capita
967 2683 1062 2743 babet
1093 2688 1144 2755 (ut
1170 2686 1234 2761 ipse
1259 2684 1381 2741 indicat
1406 2681 1480 2741 bist.
1506 2684 1576 2742 eccl.
1611 2685 1638 2743 I.
1668 2705 1701 2761 p.
1730 2687 1794 2741 120
1820 2695 1882 2740 not.
1909 2684 1947 2754 l).
2004 2681 2064 2741 Cun

306 2794 411 2840 autem
443 2783 555 2841 divisio
587 2784 665 2860 legis
697 2786 733 2841 in
763 2784 873 2843 titulos
898 2805 923 2842 s.
952 2787 1064 2860 capita
1095 2802 1158 2840 non
1184 2785 1334 2862 primitus
1359 2781 1526 2842 obtinuerit
1551 2803 1590 2842 ea
1614 2782 1725 2843 trorum
1750 2803 1875 2841 nurnero
1901 2781 1985 2841 nibil
2005 2776 2066 2839 eettt'

225 2864 228 2871 Ι
304 2881 416 2959 colligi
436 2893 539 2962 potest
548 2923 561 2953 ,
595 2883 651 2942 secl
673 2886 737 2961 ipse
762 2894 865 2942 textus
889 2882 1127 2962 comparandus.
1596 2896 1598 2901 ’

229 3023 281 3097 m)
312 3025 371 3086 Ius
394 3028 464 3086 eccl.
490 3040 597 3098 uetus,
630 3027 712 3105 qvod
735 3026 808 3087 cot
835 3031 939 3105 regius
964 3027 1104 3098 exbibet,
1136 3026 1225 3086 modo
1249 3026 1446 3087 rtouendecim
1469 3029 1581 3105 capita
1605 3025 1718 3098 babet,
1751 3030 1781 3086 si
1805 3039 1884 3085 recte
1909 3034 2074 3104 computes·
2140 3024 2142 3037 '

302 3138 374 3196 tur,
406 3147 584 3205 quanquam
608 3147 722 3185 manus
747 3131 916 3197 recentior,
950 3149 1017 3207 quas
1047 3147 1208 3210 numerum
1232 3130 1371 3205 capitum
1378 3167 1390 3196 ,
1424 3147 1519 3205 qvam
1550 3129 1617 3204 ipse
1647 3127 1740 3185 codex
1771 3138 1806 3184 ut
1838 3147 1941 3185 omnes
1972 3135 2080 3185 vetent

304 3227 453 3301 ignorat,
478 3229 544 3284 suis
569 3227 647 3284 locis
672 3225 856 3301 adscripsit,
881 3229 1000 3302 viginti
1024 3238 1179 3295 numeret,
1204 3238 1299 3304 eaput
1322 3224 1426 3283 14tum
1443 3226 1617 3283 omittendo.
1670 3226 1734 3284 Sed
1752 3227 1914 3284 tenendum
1934 3222 2081 3285 maneta

304 3342 395 3399 capp.
427 3335 528 3381 tantoe
561 3323 792 3400 magnitudinis
823 3343 904 3393 esse,
938 3336 974 3382 ut
1005 3325 1134 3401 singula
1164 3325 1307 3402 pluribus
1338 3346 1428 3403 capp.
1463 3337 1564 3383 textus
1594 3324 1831 3384 Tlsorkeliniani
1863 3324 2086 3403 respondeant}

304 3441 333 3481 v.
357 3440 386 3493 c.
410 3441 479 3501 cap.
505 3416 600 3480 imm
625 3423 698 3482 Cod-
724 3425 807 3498 regii
830 3433 936 3501 oeqvat
961 3424 1027 3481 tria
1053 3444 1140 3501 capp.
1167 3424 1254 3499 opud
1281 3424 1518 3494 Tltorkelinum,
1552 3425 1735 3503 quibusdam
1761 3437 1868 3483 taneen
1893 3427 2012 3484 omissis
2034 3425 2094 3500 φο

306 3524 350 3580 12
375 3534 407 3580 et
433 3525 491 3592 13)
517 3525 590 3584 Rett
614 3543 649 3583 er
673 3530 703 3583 et
727 3521 810 3580 kona
834 3521 928 3581 kenni
952 3520 1068 3581 honum
1094 3531 1125 3581 at
1150 3520 1227 3581 scira
1250 3522 1326 3583 barn
1339 3553 1381 3567 -
1395 3553 1439 3567 -·
1453 3554 1497 3567 -
1512 3523 1618 3602 biscup
1644 3525 1662 3582 1
1686 3534 1716 3583 ot
1740 3525 1805 3601 ridi
1830 3529 1897 3601 sic,
1922 3546 1991 3603 qva
2014 3536 2117 3580 muel

303 3623 384 3680 tatis
411 3622 510 3682 verbis
535 3626 570 3680 in
595 3624 716 3681 ultimis
737 3622 875 3698 pagellis
904 3621 1000 3697 hujus
1027 3622 1150 3682 Codicis
1175 3622 1321 3698 leguntur
1345 3622 1399 3680 sub
1425 3624 1536 3681 titulo:
1568 3624 1645 3684 ”Um
1670 3623 1852 3684 barnscirn.’'
1895 3624 1973 3702 Cap.
1999 3612 2128 3682 25⁸⁸*

302 3721 341 3779 de
362 3722 528 3799 sepulturis
549 3717 613 3802 (um
634 3717 821 3801 lik·fdrslor)
845 3725 985 3779 convenit
1008 3742 1078 3780 cum
1097 3732 1231 3801 quotuor
1248 3742 1338 3800 capp.
1362 3724 1397 3780 in
1419 3734 1505 3781 textu
1529 3721 1707 3782 Thorielini
1728 3729 1813 3800 (cap.
1832 3719 1892 3780 4-8
1909 3743 1944 3800 p.
1961 3717 2133 3801 wespa

304 3821 451 3878 Materia
470 3820 543 3879 lusio
563 3833 703 3899 cognata
721 3820 759 3876 de
777 3832 875 3878 cantu
883 3821 1018 3898 funebri
1033 3816 1097 3901 (um
1115 3818 1244 3902 ltkseng)
1262 3843 1331 3899 cap.
1348 3819 1390 3878 46
1413 3822 1501 3900 apud
1517 3821 1736 3881 Thorkelinum
1752 3834 1912 3881 tractatur
1929 3827 1975 3900 0).
1991 3823 2138 3894 166>2

303 3917 359 3977 sed
385 3922 420 3976 in
446 3920 519 3977 Cod.
550 3924 635 4001 regio
663 3921 773 3978 ultimo
796 3919 884 3997 solio
915 3922 1038 3999 legitur.
1096 3920 1227 3980 Duobus
1252 3943 1341 4000 capp.
1369 3911 1432 3979 3¹5⁰
1460 3933 1490 3979 et
1516 3918 1587 3993 4‘0,
1619 3924 1655 3979 in
1681 3923 1752 3982 Cod.
1779 3924 1865 3999 regio
1891 3922 1928 3980 de
1952 3917 2142 3981 ecclesii!

305 4035 471 4096 earumque
491 4018 672 4095 pastoribus
694 4021 825 4096 agitw,
850 4020 905 4077 sed
926 4021 1033 4080 eadem
1057 4024 1093 4079 in
1117 4021 1162 4077 ed.
1184 4019 1365 4079 Thorkelini
1389 4039 1442 4078 see
1466 4040 1557 4098 capp.
1584 4025 1780 4079 continentur
1805 4029 1846 4094 (c.
1868 4018 1959 4079 8-14
1971 4042 2006 4100 p.
2024 4021 2142 4080 3⁸²

307 4116 376 4185 60).
428 4117 506 4193 Cap.
521 4120 562 4178 15
591 4118 663 4178 Coei
690 4120 772 4196 regii
795 4118 832 4176 de
848 4122 976 4193 jejunio
1001 4120 1094 4197 longo
1120 4119 1278 4196 respondet
1302 4120 1403 4178 tribue
1427 4139 1517 4198 capp.
1546 4119 1633 4196 apud
1652 4121 1871 4180 Tleorlelinum
1898 4126 1939 4193 (c.
1963 4110 2142 4181 2125<

305 4217 348 4275 29
367 4236 403 4293 p.
427 4218 591 4288 122-128)
616 4238 686 4297 cap.
711 4215 815 4276 16⁸⁶*
838 4237 929 4296 capp.
956 4221 1058 4277 30-33
1080 4239 1114 4296 p.
1139 4221 1295 4276 138-136.
1357 4222 1478 4279 Contra
1503 4239 1530 4277 c.
1552 4220 1594 4278 12
1619 4220 1656 4278 de
1670 4221 1758 4299 sesto
1778 4218 1949 4299 paschatis
1973 4223 2009 4279 in
2031 4226 2142 4279 cof

305 4313 374 4372 dice
403 4318 488 4392 regio
517 4320 659 4375 convenit
683 4337 754 4376 curn
778 4316 895 4376 duobus
919 4338 1010 4395 capp.
1035 4321 1071 4376 in
1094 4317 1138 4377 ed
1169 4317 1350 4377 Thorkelini
1383 4323 1425 4390 (c.
1451 4321 1494 4377 20
1519 4329 1549 4377 ot
1575 4321 1614 4377 21
1647 4340 1682 4397 p.
1710 4316 1904 4390 100-10t).
1967 4294 2142 4398 l'aptsd

304 4409 356 4472 24.
382 4416 423 4472 25
449 4426 479 4472 et
505 4417 607 4473 26t1⁴²⁸
631 4437 699 4495 quor
728 4414 932 4476 Tltorielinus
956 4421 1057 4476 textui
1080 4437 1117 4476 ex
1141 4437 1202 4476 uno
1229 4417 1442 4477 Skolleoltensi
1465 4420 1598 4476 inseruit
1618 4438 1652 4497 p.
1674 4417 1835 4478 11t-122
1844 4461 1856 4489 ,
1882 4431 1912 4477 et
1936 4418 2009 4478 Ood
2035 4425 2142 4479 rr

300 4514 377 4590 gius
401 4524 432 4571 et
456 4515 671 4591 Magnoeanus
695 4517 865 4592 ignorant,
893 4516 1026 4597 adeoque
1050 4528 1198 4594 suspectas
1221 4529 1295 4576 sunt
1308 4519 1400 4592 fidei.
1457 4520 1532 4576 Duo
1554 4518 1669 4576 ultima
1693 4520 1792 4597 Capp.
1811 4519 1852 4577 18
1873 4529 1904 4576 et
1925 4521 1967 4578 19
1991 4516 2142 4578 Cous?

304 4614 352 4671 eie
376 4615 474 4688 regii,
506 4613 543 4671 de
568 4614 677 4691 quibus
702 4617 736 4672 in
761 4624 847 4671 textu
871 4613 959 4685 dixi,
997 4615 1199 4674 Thorlelinus
1231 4637 1269 4675 es.-
1299 4617 1357 4676 leoc
1382 4617 1483 4676 cadim
1508 4619 1620 4694 recepit
1645 4639 1671 4676 o.
1698 4614 1740 4674 44
1766 4630 1796 4675 et
1821 4613 1873 4675 45.
1935 4618 2015 4694 Gap.
2041 4595 2142 4675 4ss

303 4712 440 4786 ejmdem
464 4711 628 4784 editionis,
660 4713 742 4792 qvod
763 4712 961 4773 inscribitur:
992 4716 1063 4774 ”um
1086 4716 1260 4795 vspneburd
1284 4714 1297 4776 1
1321 4716 1442 4775 kirkio”
1467 4715 1520 4787 (de
1546 4735 1705 4775 armorum
1726 4719 1905 4795 gestatione
1929 4719 1966 4774 in
1989 4718 2142 4777 ecole‘

304 4814 378 4881 siis)
405 4811 477 4871 Cael.
503 4814 607 4888 regius
632 4832 694 4870 non
717 4811 812 4870 babet
835 4816 900 4872 nisi
924 4816 960 4873 in
983 4816 1189 4892 supplemento
1214 4816 1323 4873 ultimo
1338 4816 1444 4893 folio,
1476 4814 1530 4872 ubi
1554 4827 1660 4874 tamen
1683 4820 1870 4875 omittuntur
1893 4813 2009 4876 uerbo.-
2042 4809 2142 4906 Ι),

305 4908 373 4969 eine
396 4929 487 4972 menn
510 4911 571 4971 scel
595 4920 625 4971 st
649 4911 754 4972 kirkio
778 4913 864 4989 mata
882 4944 927 4957 —
942 4943 988 4959 —-
1006 4943 1050 4956 -
1073 4913 1137 4992 syri
1163 4907 1220 5001 {sat
1243 4912 1356 4973 heimts
1381 4920 1480 4985 (nont
1509 4914 1579 4985 adr)
1605 4936 1673 4994 qvas
1697 4917 1863 4994 manifeste
1888 4916 1988 4974 alieni
2013 4901 2142 4976 eur!1

304 5012 503 5085 argumenti,
533 5011 588 5069 sed
610 5013 783 5071 absolvitur
807 5012 927 5072 verbis.-
958 5007 1020 5099 ”Pi
1044 5031 1078 5071 er
1101 5010 1152 5072 nis
1175 5031 1257 5072 vaero
1282 5013 1388 5073 taldis‘
1419 5013 1529 5091 quibus
1560 5014 1723 5075 indicatur
1750 5017 1907 5075 novellam
1930 5013 1983 5073 leia
2010 5022 2137 5074 cors!

302 5109 495 5166 stitutionem
514 5108 620 5184 fuisse
651 5116 807 5176 insertam.
869 5113 1091 5189 [ascriptiones
1123 5114 1264 5190 capitum
1295 5112 1481 5192 quibusdam
1506 5116 1542 5172 in
1565 5115 1642 5172 locis
1668 5118 1703 5172 in
1729 5116 1839 5176 Codice
1862 5115 1949 5190 regio
1974 5102 2135 5175 desuttf

303 5210 347 5282 (c.
374 5209 456 5278 11⁸0,
482 5194 544 5266 35⁰
568 5220 600 5267 et
623 5208 692 5284 4‘0)
716 5222 746 5271 et
769 5211 824 5271 ubi
847 5208 1002 5273 labentur
1025 5213 1139 5290 euplus
1165 5210 1206 5274 ab
1230 5213 1293 5284 iis,
1327 5231 1404 5293 qvas
1428 5213 1525 5274 editio
1554 5211 1734 5297 Dltorlelini
1758 5217 1862 5286 sieta,
1892 5212 2122 5293 unrqoaw
