4522 5850
903 341 972 362 -
1036 293 1195 383 xxlv
1261 341 1330 365 -

1068 539 1097 637 ς.
1130 542 1164 620 7.

163 689 230 763 De
258 687 400 788 legum
429 674 629 762 civilium
655 687 996 764 lslandiearum
1024 687 1418 769 tumeexstantium
1445 687 1712 764 collectione
1738 701 1780 763 et
1804 685 2007 763 correcti.

164 818 244 891 sub
282 816 515 918 auspiciis
549 815 741 919 Haslidi
774 815 933 890 Mauri
964 818 1266 918 aliorumque,
1309 818 1500 919 nonique
1538 814 1743 906 Codicis,
1786 818 1860 920 qni
1897 807 2007 912 Greil

738 942 868 1016 bodie
901 954 1099 1032 vocatur,
1132 941 1499 1046 promulgatione.

336 1121 424 1196 Cum
453 1122 566 1225 plures
592 1126 673 1224 jam
700 1125 784 1224 leges
810 1124 916 1197 aurbs
941 1149 1136 1224 nonnaque
1161 1123 1250 1221 juris
1279 1122 1357 1198 ende
1383 1151 1408 1197 a
1431 1125 1558 1225 prima
1575 1126 1712 1200 εἰνιῖαἱίς
1739 1124 2007 1198 constitutiones

166 1267 245 1340 iude
269 1280 405 1369 recepta
431 1283 537 1341 essent
563 1298 664 1370 qnam
691 1297 774 1370 quas
800 1271 964 1342 memorr‘a
991 1268 1108 1341 cineum
1136 1265 1186 1339 ael
1208 1279 1312 1342 unua
1339 1270 1423 1342 bene
1448 1297 1574 1344 semare
1602 1272 1714 1373 possit
1742 1282 1773 1342 et
1803 1270 1887 1341 inter
1915 1267 1984 1339 ltus

166 1412 213 1486 ita
237 1440 376 1513 pauca,
410 1441 483 1517 qva
506 1414 635 1487 cubrari
649 1416 730 1514 jorn
754 1414 942 1517 respublica
969 1413 1074 1486 statui
1094 1412 1183 1485 male
1209 1415 1429 1501 convenirem,
1460 1414 1716 1517 Nomopbylaa
1737 1413 2007 1508 BergthorusR

166 1547 301 1648 fitius')
332 1561 444 1658 primo
475 1560 622 1632 muneris
650 1561 707 1632 sui
734 1587 826 1632 anno
854 1558 961 1650 (ariao
992 1556 1115 1630 Cbristi
1144 1557 1265 1649 1117)
1300 1559 1337 1631 in
1372 1559 1512 1633 commis
1539 1558 1702 1632 Islaadia
1736 1559 1923 1632 iemalibus
1952 1582 2007 1657 pre

166 1705 233 1776 suit
262 1716 300 1776 ut
328 1704 429 1802 lcgeS,
468 1707 585 1805 quibus
614 1706 800 1806 respublica
830 1705 1017 1803 regebatur,
1054 1704 1092 1774 in
1121 1703 1318 1804 scripturam
1348 1703 1564 1804 reciperentur
1592 1731 1637 1777 ea
1667 1705 1802 1778 consta
1832 1702 1942 1804 ipsius
1967 1700 2007 1775 B

166 1846 269 1931 tbori,
308 1847 383 1919 dein
411 1846 538 1920 Hassidi
563 1849 701 1937 Mauri,
741 1850 797 1951 qai
829 1861 861 1920 et
893 1848 1036 1920 domum
1069 1875 1169 1921 suam
1205 1861 1400 1951 sumtusque
1435 1849 1514 1922 buia
1547 1850 1641 1950 aperi
1673 1847 1897 1950 suppeditavit
1909 1836 1982 1937 *')‚

168 2018 238 2064 non
268 1991 412 2064 alianum
432 1993 585 2071 uirorum
615 1993 819 2094 prudentum
851 1990 989 2065 adbuc
1016 1993 1252 2093 eligendorum,
1292 1993 1398 2096 risque
1428 2006 1578 2096 potestas
1610 1994 1828 2067 mandaretur
1860 2019 1966 2066 nonas
1999 1989 2007 2064 l

157 2135 311 2236 serendi,
350 2137 384 2209 si
416 2149 531 2210 netues
566 2137 781 2237 abrogandas
815 2165 885 2233 esse
912 2137 1120 2246 judiearent,
1159 2164 1221 2241 qvo
1256 2096 1352 2238 opere
1381 2140 1523 2240 peffccto
1552 2151 1666 2212 astate
1692 2139 1900 2240 subsequenti
1925 2139 2007 2238 leges

171 2283 374 2382 compositas
399 2283 435 2356 in
461 2284 602 2357 comitiis
628 2283 817 2357 mactandas
842 2310 965 2383 easque
992 2283 1100 2368 solas,
1130 2311 1213 2385 qnos
1240 2285 1352 2386 major
1377 2284 1495 2358 ciuium
1520 2313 1605 2386 pars
1631 2286 1878 2385 comprobaret,
1906 2286 1943 2357 in
1963 2309 2007 2385 pt

168 2455 245 2499 mm
273 2430 429 2503 valituras
456 2429 545 2502 idem
572 2429 689 2503 edrait:
742 2428 833 2501 Hac
860 2429 978 2500 omnia
1000 2429 1131 2529 perlata
1158 2440 1245 2502 sunt.
1308 2427 1478 2514 ’'Tum,'’
1513 2444 1552 2504 ut
1577 2432 1680 2504 verbis
1707 2443 1786 2502 utar
1809 2427 1894 2502 Arii
1916 2429 2007 2502 multe

168 2573 257 2645 testis
278 2573 381 2674 liujus
405 2576 453 2648 rei
471 2573 740 2675 locupletissimi,‘
770 2573 902 2646 ’'btteris
927 2573 1101 2647 mandata
1126 2586 1205 2647 sunt
1229 2601 1306 2648 cum
1330 2573 1387 2648 lea·
1412 2573 1454 2648 dc
1479 2574 1668 2648 homicidiis
1694 2574 1849 2677 (abasque
1874 2574 2007 2649 cummi

173 2714 378 2812 ''aaut'’
410 2720 516 2804 dicta,
549 2732 621 2792 tum
647 2719 724 2791 alia
749 2719 883 2804 multa,
917 2747 1059 2821 mmque
1083 2747 1150 2804 ea,
1182 2731 1220 2793 ut
1245 2731 1381 2792 cautum
1406 2733 1492 2804 erat,
1525 2721 1562 2793 in
1588 2721 1728 2795 comitiis
1751 2721 1838 2793 anui
1859 2720 2007 2820 substan

174 2863 278 2937 1118
303 2866 525 2950 recitarentur,
557 2865 716 2937 omm‘bus
741 2865 867 2937 ciuibus
890 2865 945 2937 liic
972 2865 1172 2966 congregatis
1195 2864 1281 2939 adeo
1302 2864 1458 2966 placuere
1483 2879 1521 2939 ut
1544 2893 1612 2939 uno
1638 2892 1693 2938 ore
1718 2864 1754 2935 in
1775 2877 1948 2965 postcnan
1973 2893 2007 2938 ae

67 3013 70 3019 '
168 3008 341 3081 tarentur”
357 2998 437 3099 m).
506 3007 595 3082 Cum
631 3008 697 3083 bac
730 3011 918 3082 narratione
951 3009 1063 3082 relatio
1098 3011 1223 3083 autoris
1256 3007 1393 3083 Krestni
1400 3010 1533 3111 -Saga
1567 3038 1642 3113 cap.
1670 3007 1776 3082 XIII
1806 3008 1867 3111 (p.
1897 3007 2000 3100 111)

170 3154 305 3236 verbum
337 3183 443 3255 usque
474 3156 642 3254 conspirat
671 3156 740 3226 nisi
764 3154 855 3254 qaod
879 3182 967 3227 enar
992 3157 1138 3227 nominis
1165 3152 1441 3257 Nomopbylocis
1467 3155 1556 3228 banc
1583 3156 1683 3254 legem
1707 3155 1953 3256 promubrantis
1977 3183 2007 3229 at

171 3323 235 3396 que
263 3325 324 3398 epo
351 3297 415 3369 lroc
437 3268 546 3397 plebis
573 3300 691 3370 scitum
720 3297 890 3371 conditum
917 3310 982 3385 est,
1020 3300 1165 3385 isauria,
1202 3311 1240 3370 ut
1265 3298 1404 3385 videtur,
1441 3301 1584 3386 librarii,
1619 3300 1673 3373 bic
1700 3300 1860 3402 irrepserit
1871 3291 1968 3392 ἸΜ’).

301 3550 358 3609 sub
384 3552 522 3627 episeopo
540 3547 623 3607 Arna
648 3567 708 3604 uno
735 3546 850 3605 abhinc
875 3548 974 3606 seculo
1000 3548 1224 3618 (aano1280)
1246 3549 1342 3633 multo
1365 3551 1484 3621 majori
1507 3548 1618 3605 ardore
1638 3549 1735 3606 denuo
1757 3550 1988 3622 renovabatur,-

304 3650 341 3708 de
358 3649 420 3708 leao
434 3652 535 3726 gravi
546 3667 661 3726 pugna
681 3640 806 3705 Elin.
826 3646 1058 3706 bistisiaci.
1089 3647 1158 3705 Vol.
1173 3648 1219 3706 II.
1241 3667 1273 3725 p.
1295 3650 1324 3706 3.
1342 3648 1372 3708 7.
1391 3651 1442 3707 21.
1463 3649 1504 3705 27
1518 3646 1560 3727 ff
1587 3647 1646 3725 alr.
1670 3650 1708 3708 V.
1726 3648 1753 3707 l.
1773 3669 1808 3725 p.
1827 3645 1901 3710 411.
1917 3647 1991 3712 413.

248 3783 281 3853 *J
310 3785 419 3842 Eidem
440 3781 616 3859 Bergtboro
637 3781 766 3839 Statuta
785 3781 928 3859 quadam
946 3781 984 3839 de
1001 3799 1150 3857 agrorum
1165 3783 1374 3840 (estimatione
1388 3801 1549 3860 eorumque
1563 3781 1709 3851 cultura,
1735 3785 1962 3860 navigatione,
1988 3806 2007 3844 a

215 3894 218 3899 '
304 3905 361 3963 quo
385 3883 474 3941 rebus
499 3882 592 3958 vulga
618 3880 817 3950 tribencntur,
851 3881 906 3939 sed
927 3881 1038 3939 Arnas
1063 3883 1233 3957 Maguoeus
1241 3923 1253 3951 ,
1285 3881 1412 3940 Paulus
1441 3881 1611 3940 Vidulinus
1642 3884 1758 3959 aliique
1786 3881 1853 3940 bae
1874 3888 2007 3960 posteris

304 3995 475 4060 temporum
505 4001 567 4038 esse
589 3980 749 4056 figmenta
781 3981 1053 4049 demonstrarunt,
1087 4002 1215 4059 qnorum
1237 3984 1422 4039 senteutiam
1453 4001 1546 4039 suam
1568 3981 1674 4058 fecere
1699 3983 1789 4038 Eriei
1814 3985 1850 4039 in
1873 4002 1961 4061 apere
1985 3988 2007 4044 Ι

305 4083 408 4140 marles
429 4081 532 4158 geistl.
560 4100 601 4158 og
625 4080 734 4138 verelsl.
758 4080 832 4138 Stat
852 4101 886 4159 p.
904 4082 964 4138 511
993 4091 1023 4138 et
1047 4081 1172 4138 Finnus
1196 4079 1391 4139 Jolrameaus
1415 4100 1486 4138 eum
1512 4083 1546 4138 in
1571 4080 1645 4139 bist.
1670 4082 1741 4139 eccl.
1766 4081 1794 4140 I.
1816 4102 1849 4158 p.
1868 4084 1930 4140 21⁵
1958 4096 2007 4143 tun

303 4183 464 4260 singulari
489 4183 743 4239 commentatione
768 4200 831 4239 uon
856 4183 1023 4258 impressa,
1059 4191 1203 4240 anatome
1229 4178 1470 4258 Bergtlroriona
1495 4179 1603 4253 dicta,
1635 4201 1730 4263 qvam
1754 4180 1870 4240 laudat
1893 4183 2007 4262 Hulfel

303 4282 423 4342 Einari
447 4284 482 4340 in
507 4278 725 4356 Scingrapltia
749 4278 909 4339 tantia.
934 4282 1063 4358 p.193.
1935 4298 1939 4303 ·

232 4414 282 4486 **)
315 4417 381 4474 Hie
405 4414 560 4490 Haflidus
581 4413 657 4491 suit
679 4413 793 4491 frater
822 4417 962 4471 uterinus
987 4412 1175 4492 Bergtbori,
1207 4424 1282 4473 teste
1307 4413 1609 4492 Sturlunga-Saga
1640 4406 1714 4502 Ῑ).1
1749 4434 1775 4472 ο.
1797 4411 1816 4474 5
1842 4435 1878 4493 p.
1900 4417 1930 4476 8.
1984 4420 2007 4477 C

305 4518 415 4594 roqoin
441 4517 491 4573 nir
515 4514 687 4571 ditissimus
711 4517 761 4571 eui
786 4516 848 4573 oeni
872 4516 906 4571 in
931 4514 1075 4571 islandia
1101 4512 1276 4572 habebatur
1300 4535 1426 4593 opesque
1451 4534 1526 4573 suae
1552 4515 1598 4573 ad
1614 4514 1746 4593 publica
1771 4516 1932 4575 commoda
1957 4538 2007 4595 pre

209 4657 213 4664 .
303 4616 405 4678 aenda
431 4614 536 4672 lubens
561 4612 776 4675 commodavit.
836 4614 886 4671 De
911 4612 1028 4672 Hassido
1054 4614 1154 4671 multa
1179 4612 1273 4673 babet
1298 4613 1537 4690 Sturlunga-S.
1564 4608 1636 4703 1).1
1665 4614 1814 4673 e.1-27.
1834 4635 1869 4691 p.
1889 4615 2005 4688 1-48,

305 4714 389 4774 nibil
412 4715 449 4772 de
474 4713 536 4770 leae
562 4712 777 4789 legislatione,
805 4711 885 4790 qvod
907 4732 984 4770 sane
1008 4716 1130 4771 mirum.

218 4848 284 4920 ***)
321 4850 400 4908 Vide
424 4849 502 4907 Arii
527 4845 663 4905 Schedas
688 4848 819 4924 oap.10
840 4867 873 4923 p.
895 4833 997 4902 64-67
1023 4844 1093 4903 eclit.
1120 4847 1252 4906 Busooei.
1303 4848 1382 4906 Fuit
1407 4858 1512 4905 autem
1536 4846 1636 4906 Arius
1661 4835 1782 4906 oooevus
1806 4846 1903 4924 liujus
1927 4871 2007 4911 nova

303 4951 486 5025 gislationis
500 4959 530 5004 et
544 4947 663 5026 quidem
674 4951 749 5017 jam
764 4949 883 5017 senior;
908 4957 1004 5004 natus
1018 4949 1099 5003 enirn
1113 4956 1158 5025 est
1169 4947 1262 5005 Anno
1279 4948 1363 5004 1068
1381 4959 1410 5005 et
1425 4960 1561 5007 mortuus
1576 4946 1673 5006 1148.
1701 4948 1767 5026 Csr.
1783 4951 1882 5009 uitam
1894 4949 1971 5009 Arii
1984 4955 2007 5011 Ι

308 5046 437 5107 bistoris
450 5049 576 5105 Bassai
591 5047 721 5106 editioni
727 5049 930 5126 praemissam
943 5058 972 5103 et
984 5047 1072 5104 Dise.
1088 5050 1197 5123 inaug.
1215 5046 1401 5124 Werlauffli
1416 5050 1516 5105 nostri
1531 5047 1568 5105 cle
1580 5046 1675 5118 Ario,
1696 5046 1835 5125 Hafuia
1848 5050 1932 5108 1808
1947 5073 1981 5128 p.
1996 5056 2007 5110 1

200 5181 283 5252 ****)
317 5180 359 5242 In
383 5180 628 5258 Kristni-Saga
652 5185 735 5241 enim
759 5183 893 5258 legitur.-
921 5180 1076 5241 ”Marcum
1100 5178 1196 5240 filium
1220 5178 1396 5241 Ulfhedinis
1420 5182 1536 5238 Marco
1562 5181 1691 5260 Sleggii
1706 5181 1782 5255 filio
1807 5184 1842 5241 in
1866 5201 1991 5244 munero
