4522 5850
916 308 986 330 —
1051 262 1180 353 XCII
1246 309 1314 329 -

163 520 234 592 tuit.
290 515 335 592 ln
365 506 503 617 Grdgeis
529 540 600 587 non
626 511 695 585 nid
719 538 788 584 uno
815 511 888 585 loco
915 499 1017 611 buius
1030 507 1112 608 fori
1134 507 1256 582 mentio
1274 504 1325 608 fit
1351 509 1518 612 uerbisque
1545 510 1631 586 adeo
1659 511 1808 586 obscuris
1834 525 1873 586 ut
1898 511 1978 586 inde
2001 512 2059 588 disi

165 693 234 739 non
256 665 366 766 possit
391 660 496 764 qualis
522 661 593 760 ejus
611 656 796 758 jurisdictio
814 656 923 758 suerit
948 652 1078 758 (Vigsl.
1107 680 1136 727 e.
1157 651 1208 727 58
1237 651 1268 726 Ι.
1299 651 1387 744 96),
1422 655 1485 728 ubi
1509 670 1643 731 uocatur
1668 655 1905 753 heradsping,
1943 681 2001 731 nee
2022 683 2055 732 ee

166 810 309 884 biston'is
331 834 455 915 nouom
479 805 585 879 lucem
605 816 713 906 petere
736 801 834 876 baert.
891 796 972 873 Vre
999 798 1087 872 alim
1113 797 1165 872 ad
1188 798 1252 872 boe
1277 798 1426 872 tribunal
1450 802 1702 902 eorpugiebotur
1726 802 1795 874 nisi
1817 802 1864 876 ob
1892 814 2056 878 caruanon

165 953 409 1030 multitudinem
435 978 541 1026 eausa
565 949 678 1050 alequa
702 946 740 1020 in
751 949 837 1050 soro
859 942 990 1042 Alping
1015 971 1057 1017 ca
1082 956 1196 1017 astate
1220 944 1393 1016 unnmari
1412 972 1482 1017 non
1502 947 1629 1047 potus't,
1662 973 1705 1020 ns
1728 945 1780 1020 ad
1801 959 1986 1048 sequentem
2007 974 2054 1021 on·

165 1129 250 1175 num
309 1100 471 1184 'erretrm
503 1105 764 1197 uerequepene
789 1093 933 1193 litigante
960 1091 996 1162 in
1022 1089 1063 1162 id
1086 1088 1318 1176 consentiente,
1349 1101 1382 1163 et
1406 1091 1572 1190 tumsue
1598 1090 1698 1166 iidem
1719 1090 1851 1193 judiees
1870 1090 2054 1191 judicabat

168 1248 224 1349 qui
250 1246 288 1319 in
314 1243 446 1340 Alping
471 1241 666 1316 sementiam
688 1238 967 1340 pronunciassent
977 1224 1025 1325 ⁶¹).
1287 1252 1293 1263 ·

333 1387 407 1463 Sed
418 1387 521 1489 plura
528 1386 620 1487 sora
640 1384 796 1486 inserieuo
817 1394 913 1456 estro
934 1379 1083 1454 ordinem
1100 1380 1135 1454 in
1153 1380 1245 1454 cats‘s
1260 1380 1373 1455 earssr‘s
1389 1381 1433 1455 ob
1447 1366 1649 1483 peculiarem
1667 1408 1784 1455 earum
1801 1380 1951 1456 indolem
1966 1379 2053 1455 bebe-
2100 1386 2103 1453 ζ

167 1540 299 1616 bantur·
356 1531 448 1608 [ultr
471 1532 545 1604 boec
574 1523 873 1623 '’Leidar*l³ing'',
904 1525 995 1629 quod
1018 1527 1118 1600 etr'erm
1146 1525 1334 1626 simpliciter
1362 1522 1497 1599 ''Lod‘’
1528 1515 1794 1628 appellatur*'),
1827 1527 1980 1600 maxine
2002 1551 2055 1598 rne-
2097 1458 2103 1505 l

247 1838 280 1908 *J
313 1836 404 1894 Erici
432 1832 470 1891 V.
498 1831 544 1888 Ol.
564 1826 709 1907 pluribus
733 1824 797 1885 bac
820 1825 857 1884 ds
881 1845 914 1883 re
939 1824 1082 1902 disputat
1106 1825 1142 1882 in
1165 1822 1330 1882 Arnesenii
1355 1824 1518 1884 Islandske
1543 1827 1742 1902 Rettergang
1761 1845 1795 1903 p.
1816 1825 1965 1884 soe-369
1987 1824 2055 1881 ets

304 1931 471 2006 Helbergii
495 1926 682 1987 Danmarbr
705 1945 747 2003 og
772 1927 895 2001 Norges
918 1923 992 1982 Stat
1013 1945 1046 2001 p.
1065 1925 1137 1982 512.
1187 1923 1239 1982 Ibi
1263 1923 1350 1981 docet
1374 1924 1501 1982 eundem
1530 1923 1723 1983 Thordonem
1748 1925 1921 1994 Gellerum,
1946 1925 1997 2002 qui
2008 1923 2055 1996 ju·

303 2033 390 2091 dicia
405 2021 577 2115 ”Verbing'
594 2029 629 2084 in
644 2027 753 2084 melius
760 2024 971 2103 sormaverit,
996 2026 1094 2082 etiam
1112 2020 1169 2080 boe
1179 2020 1293 2100 forum
1314 2026 1453 2100 superius
1473 2027 1508 2080 in
1527 2023 1700 2102 quadrante
1718 2023 1907 2082 occidentali
1916 2021 2055 2102 formasse

307 2129 489 2213 (ΙΑιιᾶιιαωε
509 2149 542 2205 p.
562 2121 621 2198 94)
647 2125 828 2203 deriuatque
850 2143 895 2182 an
917 2126 953 2181 in
973 2122 1114 2181 omnibus
1137 2121 1364 2201 quadrantibus
1387 2123 1450 2180 tale
1464 2123 1579 2201 forum
1599 2122 1779 2182 ordinatum
1793 2121 1910 2202 suerit.
1963 2118 2056 2181 Bou·

307 2233 373 2293 loco
399 2248 503 2288 eorum
527 2228 714 2286 sententiam
738 2224 853 2302 refellit
877 2225 930 2302 qui
953 2220 1011 2280 boo
1026 2222 1188 2299 judicium
1212 2222 1344 2300 inferius
1362 2221 1466 2300 fuisse
1488 2221 1685 2282 contendant.

234 2371 284 2440 **)
320 2367 433 2428 Vocem
457 2361 566 2422 ’‘Laid”
591 2362 655 2419 siue
679 2351 930 2445 ”Leidm-[>ing’'
955 2378 978 2415 a
1002 2355 1110 2416 ”Leia
1140 2357 1197 2415 uia
1229 2358 1382 2434 originem
1411 2355 1519 2414 dsesere
1550 2356 1695 2433 uulgaris
1723 2368 1769 2415 est
1796 2359 1971 2426 sententia,
1999 2354 2057 2433 quio

306 2466 514 2541 magistratus
544 2480 565 2517 a
587 2459 665 2537 soro
691 2453 809 2545 Alping
840 2457 997 2515 redeuntes
1027 2455 1077 2515 uel
1105 2457 1140 2512 in
1165 2459 1230 2533 ipso
1257 2458 1366 2514 itinere
1390 2454 1449 2512 boc
1470 2455 1585 2533 sorum
1608 2457 1895 2533 promulgatorium
1920 2453 2058 2518 haberat,
2090 2458 2093 2463 ’

307 2565 362 2625 sed
391 2564 564 2641 Episcopus
594 2558 709 2620 ffinnus
741 2555 919 2618 Johomaeus
955 2566 1065 2613 contra
1098 2553 1181 2612 bano
1215 2557 1401 2614 sententiam
1435 2558 1555 2613 monuit
1588 2554 1672 2614 banc
1705 2556 1945 2634 explicationem
1975 2556 2059 2613 nau
2102 2618 2104 2625 ,

308 2685 370 2725 esse
403 2661 546 2720 idoneam
578 2677 647 2716 cum
680 2654 738 2714 boc
760 2655 873 2734 sorum
904 2673 1021 2732 semper
1053 2653 1218 2712 baberetur
1249 2653 1478 2734 quatuordeeim
1511 2655 1576 2714 dies
1603 2667 1676 2733 post
1707 2659 1825 2713 exitum
1846 2654 1924 2735 sori
1955 2655 2060 2712 uniuer-

307 2765 409 2833 salis,
441 2771 476 2818 ut
501 2758 613 2817 diserte
637 2755 730 2814 edicit
755 2755 804 2814 lex
830 2754 958 2831 Grdgds
987 2747 1048 2842 [sp.
1073 2774 1098 2810 c.
1121 2747 1159 2810 41
1189 2753 1233 2826 (l.
1253 2774 1288 2831 p.
1312 2756 1401 2825 122).
1462 2756 1549 2812 Hinc
1580 2758 1743 2813 existimat
1774 2753 1859 2812 banc
1889 2772 1992 2814 uocem
2016 2747 2060 2808 to
2096 2718 2104 2799 1

210 2938 212 2944 Ι
306 2862 591 2937 eensu'cognatam
614 2877 678 2915 esse
698 2874 814 2932 graecae
839 2863 936 2923 intret
964 2875 1027 2932 qua
1055 2852 1259 2930 significatur
1286 2856 1379 2912 curia
1405 2856 1469 2914 siue
1493 2855 1577 2912 locus
1597 2853 1760 2934 publicus,
1790 2854 1846 2913 ubi
1870 2855 2060 2937 magistratu

306 2965 448 3025 conuenit
473 2959 576 3032 (uide.-
604 2955 736 3017 irsdicem
761 2954 808 3014 ad
829 2953 1063 3015 Lendnemsbbk
1083 2974 1117 3031 p.
1134 2948 1236 3024 494),
1268 2953 1323 3012 sed
1344 2954 1438 3012 aliud
1459 2965 1580 3032 etymon
1605 2974 1721 3013 mecum
1745 2957 1844 3012 amice
1868 2950 2060 3012 commastica-

305 3068 355 3126 uit
370 3067 449 3140 jam
473 3057 635 3137 desursctus
659 3057 697 3117 G.
719 3052 940 3130 Thou-helinus,
969 3052 1050 3132 quod
1068 3052 1297 3131 proefirendmn
1321 3052 1402 3110 milri
1425 3053 1565 3124 uidetur,
1591 3056 1739 3112 nimirum
1764 3053 1889 3114 uerbum
1914 3055 1961 3112 ”ot
1983 3045 2059 3119 leid,

308 3167 330 3222 i.
349 3182 374 3220 e.
400 3177 552 3240 quoerere,
585 3158 755 3233 inquirere,
787 3152 864 3210 adeo
888 3164 925 3210 ut
948 3145 1203 3239 ”Locidae-bin?
1229 3152 1444 3229 accipiendum
1469 3165 1545 3212 esset
1570 3174 1631 3231 pro
1653 3153 1732 3231 foro
1756 3153 1802 3211 ad
1827 3148 2061 3228 investiganda!

273 3269 279 3277 “
299 3261 454 3340 formato.
511 3257 610 3329 Leges
635 3254 823 3328 Noruegicoe
846 3252 946 3327 Regis
970 3251 1092 3327 Magni
1116 3252 1310 3327 Lagaboeter
1336 3244 1486 3311 'statuunt
1517 3253 1637 3332 quidem
1667 3264 1702 3311 ut
1725 3264 1947 3331 procuratores
1970 3261 2061 3326 topat-

308 3357 451 3417 cieiarum
484 3346 684 3432 (Syslomenn)
717 3352 803 3407 intra
835 3359 897 3405 tres
929 3351 1121 3426 septimanas
1148 3363 1316 3430 postquam
1348 3372 1371 3409 a
1392 3351 1471 3429 soro
1497 3353 1692 3429 prouinciali
1723 3346 1892 3440 (luvgping)
1921 3350 2061 3413 redurtno

299 3460 414 3539 sorum
438 3453 595 3520 babeant,
620 3453 655 3508 in
678 3468 735 3528 quo
754 3447 953 3526 publicarent
977 3449 1088 3506 incolis
1113 3449 1188 3527 quid
1210 3449 1256 3507 ibi
1281 3461 1388 3507 actum
1412 3453 1456 3508 sit
1481 3462 1510 3507 et
1528 3454 1731 3528 potissimum
1751 3453 1923 3510 sententias
1945 3453 1981 3508 in
1999 3462 2062 3505 caer

308 3563 354 3619 sis
379 3559 461 3636 ipsos
485 3550 735 3612 concernentibus
759 3548 848 3606 latas
882 3546 956 3626 (cfr.
988 3547 1069 3624 leges
1095 3546 1358 3623 Gulatbingenses
1392 3546 1488 3622 hujus
1513 3551 1611 3626 Regis
1636 3551 1681 3610 ed.
1706 3549 1810 3629 Hafn.
1844 3539 2060 3634 {iurgium-b

310 3678 336 3721 c,
361 3660 379 3716 5
404 3678 437 3734 p.
460 3648 539 3724 23),
570 3650 624 3710 sed
646 3669 740 3730 neque
764 3646 923 3723 singulare
947 3666 1056 3703 nomen
1080 3640 1299 3734 ”Leidarping
1324 3645 1397 3704 ltuic
1412 3647 1490 3725 foro
1516 3648 1685 3723 tribuitur,
1720 3671 1812 3730 neque
1837 3670 1940 3708 omnes
1964 3647 2008 3707 sbi
2028 3659 2063 3701 m

309 3755 554 3820 tractabantur,
586 3769 653 3828 quoe
685 3751 721 3806 in
750 3746 903 3820 ejusmodi
924 3745 1015 3823 soris
1046 3747 1081 3803 in
1106 3744 1261 3804 lelandia.
1322 3746 1400 3804 Cum
1421 3759 1573 3823 proeterea
1600 3751 1635 3807 in
1659 3750 1778 3826 legibus
1803 3749 1990 3826 Noruegicis
2017 3760 2063 3801 an·

311 3852 494 3932 tiquioribus
519 3850 665 3906 Haconis
689 3845 863 3905 Adsistenii
888 3865 942 3903 nec
967 3863 1030 3902 nors
1054 3845 1196 3903 Hacons‘s
1220 3845 1400 3904 Haconidis
1430 3847 1551 3905 nullum
1581 3845 1677 3922 liujus
1707 3852 1753 3907 rei
1783 3851 1950 3926 uestigium
1974 3861 2064 3904 occu·

310 3963 382 4034 rat,
414 3969 475 4007 non
499 3958 544 4006 est
568 3945 650 4026 quod
670 3944 830 4003 credamus
854 3943 994 4002 lelandi-s
1024 3941 1082 4001 boc
1114 3946 1292 4005 institutum
1316 3964 1339 4003 a
1365 3936 1521 4022 Noruegis
1546 3958 1705 4006 mutuatos
1726 3948 1840 4026 fuisse.
1902 3943 2065 4006 centron

311 4049 434 4128 Angtia
459 4046 514 4105 diu
528 4044 642 4122 forum
665 4043 842 4103 habebatur
864 4041 1082 4104 ”court-leer’
1107 4041 1241 4113 dictum,
1267 4042 1304 4102 de
1328 4064 1386 4123 quo
1409 4045 1597 4103 Blaelstone
1617 4047 1714 4124 plura
1740 4046 1835 4106 babet
1859 4048 1895 4104 in
1921 4046 2067 4104 Gemmat-

312 4153 409 4211 taries
434 4167 474 4206 ors
498 4143 549 4202 tlte
574 4145 654 4202 lasus
678 4143 720 4221 eff
737 4142 892 4217 England
914 4144 974 4200 IV.
1001 4161 1068 4218 cap.
1096 4143 1136 4201 19
1163 4141 1250 4200 tentis
1274 4142 1319 4201 ed.
1341 4165 1374 4223 p.
1398 4145 1462 4202 273
1488 4144 1546 4222 cfr.
1566 4167 1601 4223 p.
1622 4144 1696 4205 411.
1722 4141 1805 4216 424,
1837 4145 1892 4204 ubi
1916 4145 2001 4222 Regi
2021 4139 2068 4203 Al·

311 4248 399 4312 fredo
431 4263 539 4323 magno
571 4242 629 4300 boc
660 4245 838 4302 institutum
863 4241 964 4299 deberi
987 4240 1161 4311 contendit,
1194 4242 1249 4301 sed
1269 4255 1420 4321 quantum
1445 4246 1543 4301 sciam
1568 4249 1603 4303 in
1627 4244 1852 4305 desuetudinem
1877 4248 1912 4302 in
1936 4255 2002 4302 toto
2022 4239 2071 4299 tor

310 4367 404 4426 regno
428 4344 507 4402 abiit
528 4354 645 4421 proeter
664 4343 807 4400 Monam.
858 4342 911 4400 Es
933 4339 1050 4398 deamo
1071 4342 1152 4398 enim
1171 4341 1377 4400 Parlamenti
1398 4342 1519 4400 condito
1543 4364 1627 4402 anno
1647 4345 1746 4421 Regis
1769 4345 1900 4420 Georgii
1921 4332 1982 4400 3⁸⁸3
1999 4329 2072 4406 2330,

311 4467 368 4530 quo
385 4445 478 4522 prius
501 4443 579 4498 anni
601 4443 701 4519 quinti
721 4439 856 4515 ejusdem
873 4443 972 4517 Regis
992 4438 1030 4497 de
1049 4438 1255 4498 translatione
1274 4440 1406 4499 dominii
1424 4444 1627 4501 territoriaiis
1647 4444 1841 4501 dominorum
1862 4441 1898 4502 de
1920 4442 2026 4519 Derby
2042 4443 2073 4498 in

310 4547 394 4608 leuno
415 4540 552 4602 insulam
572 4537 619 4597 ad
636 4558 783 4598 coronam
804 4539 934 4616 Angliar
954 4537 1200 4607 immutabatur,
1216 4540 1402 4612 jurisdictio
1423 4560 1491 4618 quoe
1512 4553 1667 4599 exercetur
1686 4544 1721 4600 in
1741 4543 1930 4601 court-Lea
1951 4540 2004 4600 bis
2019 4541 2081 4600 Co-

310 4643 437 4707 niuibus
448 4649 565 4721 prater
582 4637 653 4696 alia
672 4636 784 4696 diserte
799 4648 980 4696 reseruatur.
1037 4639 1207 4696 Tentamen
1223 4638 1374 4716 quoddam
1382 4639 1515 4717 factum
1522 4640 1596 4718 suit
1616 4642 1713 4705 talem
1720 4641 1978 4714 jurisdictionem
1993 4659 2085 4699 reno·

310 4743 410 4809 uendi
433 4761 516 4801 anno
537 4736 633 4813 lustjus
656 4734 759 4794 Seruii
780 4739 922 4796 uicesimo
945 4739 1086 4795 certain
1107 4746 1214 4794 tractu
1236 4737 1411 4797 Comitatus
1431 4737 1671 4810 ''Sommerset'',
1696 4742 1749 4818 qui
1769 4739 1885 4800 dieitw
1906 4739 2094 4800 ''Glostonv

311 4845 410 4925 ἔπαγ’
435 4863 458 4902 a
480 4840 617 4899 Henriao
635 4835 728 4894 Hunt
751 4845 788 4891 ut
811 4835 933 4894 daneino
958 4835 1021 4894 tali
1045 4838 1237 4894 auctoritate
1261 4838 1411 4895 instructo
1437 4838 1542 4910 (Lord
1560 4838 1603 4916 eff
1617 4837 1669 4897 tlte
1687 4840 1844 4910 Maeror),
1869 4842 1963 4914 cujus
1985 4859 2106 4900 cona-*⁶

311 4960 364 5007 tus
388 4945 524 5003 rationes
548 4936 679 4996 reddunt
704 4930 907 5012 ephemerides
930 4933 1140 4994 tendum
1164 4934 1276 4992 diotm
1297 4934 1370 4994 ''tbe
1388 4935 1474 4994 Sun''
1498 4937 1634 5010 ejusdem
1658 4940 1738 4996 anni
1761 4937 1868 4996 diebus
1893 4927 1968 4997 28⁹5
1988 4942 2106 5000 Octo*

311 5047 377 5109 bris
395 5054 431 5107 et
457 5028 502 5099 3⁸⁸³
521 5033 723 5104 Nouembris,
752 5030 823 5099 sed,
853 5044 889 5090 ut
912 5031 1053 5103 uidetur,
1084 5035 1151 5092 sine
1174 5053 1320 5093 succusu.
1371 5034 1495 5093 Beatus
1518 5036 1557 5096 G.
1578 5034 1797 5114 Thorkelinue,
1829 5040 1884 5115 qui
1907 5037 1998 5101 Isana
2019 5048 2106 5099 rw

310 5143 493 5208 accuratius
509 5135 732 5214 inuestigauit,
755 5129 887 5189 eredidit
900 5131 985 5210 fora
1007 5131 1150 5211 Anglica
1174 5132 1400 5195 ”eoru-uu
1417 5136 1540 5192 omnino
1557 5136 1748 5213 respondisse
1766 5136 1938 5199 lelandioir
1953 5139 2106 5206 Leidaae
