4522 5850
895 313 964 337 ···=
1028 268 1213 361 XXXII
1277 315 1346 337 -ι

165 540 230 612 quo
247 540 281 584 rc
298 511 363 584 olto
376 513 455 611 jam
473 512 544 583 loco
568 511 644 584 disi
665 509 708 604 (ἓ.
733 509 753 582 5
780 540 819 611 p.
837 508 969 600 XXI).
1026 511 1069 586 ln
1084 516 1161 613 jure
1183 515 1393 586 ecclesiastico
1414 514 1581 587 lslondico
1603 513 1765 588 Tltorloci
1780 530 1812 588 ct
1827 511 1949 590 Ketrlli
1964 517 2091 590 nubiti

156 658 245 756 juris
275 655 498 729 Grimlselsaui
521 660 643 729 meritis
661 655 727 756 fit,
759 683 864 756 neque
892 658 961 755 (τίω
987 661 1117 730 sorrct'to
1145 686 1222 731 cum
1251 687 1288 731 eo
1308 662 1386 760 jure
1413 659 1642 744 ecclesiastico,
1673 659 1765 761 qood
1790 658 1911 735 deici
1938 659 2098 749 Gulensi

165 799 320 875 Hoconis
348 800 537 874 Adebtenii
561 830 684 874 nornen
710 828 786 903 pra
814 829 849 874 se
866 802 995 901 serenti
1018 804 1239 904 premissum
1266 815 1329 889 est,
1364 804 1447 876 bene
1474 805 1680 876 consentiunt
1696 792 1741 893 *).
1805 804 1930 907 Neque
1963 802 2085 881 thav

302 1157 443 1223 qoectant
476 1132 549 1205 illue
562 1180 565 1184 ⁴
579 1145 757 1205 ethnicismi
785 1148 958 1225 reliquias,
992 1145 1030 1204 de
1054 1143 1162 1223 quibus
1189 1144 1349 1204 abolendis
1372 1146 1444 1205 Res
1467 1149 1612 1204 nuntium
1637 1145 1684 1204 ad
1706 1145 1873 1223 Skaptium
1896 1142 2081 1223 Nomoplty·

303 1245 403 1303 lacem
434 1247 571 1323 aliosque
602 1249 686 1306 ciros
713 1258 853 1323 potentes
885 1248 920 1302 in
944 1244 1120 1305 Islandiam
1153 1246 1283 1301 miserat
1317 1249 1368 1315 (ut
1399 1265 1437 1303 es·
1469 1265 1494 1304 o.
1520 1246 1560 1303 56
1592 1245 1729 1317 ejusdem
1753 1244 1894 1302 historice
1919 1244 2080 1314 disclusus,

305 1364 433 1424 quocum
457 1344 533 1403 Arii
557 1346 702 1402 narratio
726 1364 751 1402 c.
770 1346 791 1403 7
811 1365 846 1423 p.
867 1340 908 1401 46
935 1346 1102 1412 conuenit).
1165 1343 1235 1401 Vos
1259 1342 1501 1400 ''Kristinrettd'
1525 1346 1624 1401 errori
1648 1364 1762 1401 ansam
1786 1342 1889 1412 dedit,
1914 1342 1973 1401 sed
1993 1338 2079 1402 semis

301 1445 453 1521 ampliori
486 1446 591 1502 ornnia
620 1444 722 1502 edicta
747 1456 780 1502 et
805 1445 1058 1511 constitutiones„
1092 1462 1160 1520 qvae
1192 1441 1236 1499 ad
1266 1442 1425 1499 ecclesiam
1456 1440 1667 1500 christianam
1697 1442 1908 1501 ordinandam
1940 1440 2078 1509 senones,

299 1544 474 1619 significat.
525 1544 599 1600 Huc
625 1543 745 1600 accedit
767 1543 848 1621 qood
861 1547 920 1614 jus
935 1535 1026 1599 villud
1041 1528 1301 1611 ecclesiasticum,
1328 1562 1348 1598 a
1373 1541 1527 1599 Grimbelo
1552 1541 1683 1620 aliisque
1703 1542 1825 1599 clericis
1848 1561 1887 1601 es·
1899 1545 2000 1613 Jussu
2016 1540 2080 1599 Be-

300 1644 354 1718 gis
380 1641 458 1700 0ἰαί
483 1642 596 1700 Sarwti
621 1642 798 1710 conditum,
831 1662 893 1698 non
918 1644 953 1699 in
978 1644 1050 1717 ipsa
1077 1642 1238 1716 Norvegia
1265 1639 1474 1698 introductum
1495 1638 1601 1718 suerit
1630 1651 1703 1697 ante
1728 1661 1843 1696 asinum
1872 1643 1959 1696 1020
1984 1650 2020 1696 ut
2042 1658 2117 1695 e>

306 1739 463 1817 Olass-S.
498 1762 523 1797 c.
548 1743 588 1798 56
616 1762 650 1817 p.
679 1744 717 1797 61
753 1751 906 1817 apparet.-
956 1742 1024 1799 Fam
1056 1737 1188 1797 christon
1218 1745 1279 1795 rett
1309 1741 1377 1797 sctti
1407 1738 1489 1797 hsnu
1520 1738 1576 1797 vid
1605 1738 1672 1797 rtdi
1703 1738 1857 1797 Grimkels
1887 1737 2013 1816 Biscops
2043 1756 2120 1804 o:

304 1858 415 1897 ennera
448 1839 647 1897 konnimannn
679 1858 715 1897 oc
747 1839 826 1915 legdi
852 1839 869 1897 i
893 1833 950 1925 pat
973 1839 1050 1896 silan
1074 1836 1137 1913 hug
1161 1845 1191 1896 st
1216 1845 1279 1894 taos
1303 1837 1337 1896 uf
1358 1836 1463 1896 hcidni
1489 1858 1525 1897 oc
1551 1838 1654 1896 fornas
1678 1837 1800 1895 venius·
1813 1831 1881 1924 par
1906 1857 1943 1895 er
1966 1835 2120 1902 hoam-

307 1929 391 2023 Isotti
423 1937 640 2015 cristni-spsll.
702 1939 761 1996 Svs
791 1938 864 1995 kom
896 1945 925 1994 at
957 1936 1061 1994 baendr
1091 1935 1164 2014 jttto
1196 1929 1319 2022 bessam
1349 1937 1453 2014 lbgum
1484 1955 1515 1994 es
1546 1935 1692 2012 Kons'mgr
1723 1935 1799 1994 setti.
1855 1938 1912 1993 Ius
1943 1935 2001 1992 boc
2031 1955 2120 1992 ec-

205 2073 207 2078 *
306 2035 516 2093 clesiasticurn
538 2037 749 2119 Noroegicum
774 2057 835 2094 nou
862 2036 999 2112 amplius
1023 2038 1149 2094 seorsim
1174 2046 1296 2102 exstat,
1326 2035 1380 2093 sed
1404 2038 1439 2092 in
1463 2035 1560 2110 legem
1582 2035 1745 2092 Gulensem
1771 2038 1923 2112 migrasse
1949 2034 2120 2095 videtur-

308 2154 378 2191 cum
404 2140 439 2193 in
463 2135 541 2193 libro
569 2138 630 2193 111ιο
662 2138 715 2213 qvi
746 2135 782 2192 de
804 2140 882 2210 jure
911 2154 1002 2194 sacro
1029 2137 1120 2210 agit,
1153 2134 1327 2191 Grimlelus
1351 2135 1522 2213 Episcopus
1548 2133 1691 2211 pluribus
1720 2135 1796 2192 locis
1827 2135 1974 2192 lauduur
1999 2138 2041 2206 (c.
2054 2194 2120 2204 ᾖ,

306 2253 331 2290 c.
356 2231 397 2291 14
423 2255 448 2291 c.
470 2237 537 2303 16).
596 2234 706 2292 Multa
734 2245 838 2292 autern
863 2238 898 2292 in
923 2234 1025 2291 eodem
1040 2237 1119 2306 jure
1136 2232 1359 2309 posterioribus
1384 2233 1570 2309 temporibus
1596 2232 1708 2290 addita
1734 2244 1764 2290 et
1789 2236 1960 2290 immutata
1977 2232 2120 2310 suis-1

304 2353 344 2391 ex
368 2354 437 2410 cop.
464 2333 500 2391 de
525 2333 668 2402 decimis,
699 2353 753 2390 nec
778 2353 840 2390 non
864 2355 903 2391 ex
927 2353 996 2408 cap.
1022 2328 1062 2389 14
1069 2375 1079 2408 ,
1111 2331 1166 2390 ubi
1191 2336 1328 2408 episcopo
1356 2335 1414 2403 jus
1439 2332 1607 2400 tribuitur,
1639 2331 1810 2414 sacerdotes
1836 2331 1883 2389 od
1905 2352 2010 2390 omnes
2033 2352 2120 2390 ez

304 2433 417 2491 ctesias
442 2433 575 2493 vocandi
600 2433 675 2509 (cfr.
700 2434 756 2490 Ius
781 2433 851 2490 eccl.
882 2434 1060 2493 Vicensium
1084 2451 1110 2490 c.
1133 2434 1174 2488 12
1199 2451 1234 2510 p.
1261 2427 1302 2488 43
1311 2473 1323 2500 ,
1355 2450 1412 2509 quo
1438 2431 1518 2489 idem
1534 2435 1594 2507 jus
1619 2430 1729 2491 diserte
1754 2431 1866 2490 incolis
1890 2430 2120 2500 concedituz

309 2532 443 2611 aliisque
466 2534 598 2590 sancitis
623 2533 767 2608 colligere
790 2532 871 2590 licet.

252 2666 285 2736 *J
317 2666 374 2725 Ius
399 2666 468 2724 eccl
495 2669 724 2742 Norsegicum,
751 2666 832 2745 qvod
852 2664 1028 2727 Visentium
1053 2675 1186 2734 vocant,
1211 2666 1333 2722 Pausio
1360 2667 1571 2742 incognitum,
1590 2667 1732 2742 primurn
1758 2685 1779 2723 a
1805 2667 1851 2725 lo.
1867 2664 1994 2725 Finuaeo
2018 2663 2112 2722 eila·-

309 2777 376 2822 tum
410 2765 549 2842 Hosniae
576 2768 670 2825 1760.
705 2763 734 2824 4.
766 2768 819 2823 cui
849 2784 1001 2822 accessere
1025 2764 1079 2836 Ε).
1112 2784 1195 2822 curoe
1219 2767 1407 2841 posteriores
1438 2764 1477 2822 ib.
1506 2766 1591 2821 1762
1625 2768 1736 2842 (qvam
1768 2765 1933 2822 editionem
1956 2765 2106 2841 Magnus

311 2864 402 2925 olavi
427 2865 573 2923 Beronius
598 2867 719 2942 repetiit
750 2866 888 2943 Upsalise
907 2865 1000 2922 1761.
1025 2859 1055 2921 4.
1080 2874 1173 2921 notas
1198 2863 1352 2940 quosdam
1377 2866 1506 2922 criticos
1531 2863 1700 2932 adjiciens)
1725 2883 1786 2920 non
1808 2884 1866 2940 pro
1884 2862 1980 2940 fonte
1997 2861 2096 2936 juris

307 2963 378 3021 eccl.
397 2964 554 3022 Islandici
578 2965 806 3040 agnoscendum
830 2975 895 3034 est,
921 2982 1099 3041 quanquam
1123 2962 1223 3021 editor
1247 2962 1329 3020 illud
1344 2983 1406 3042 pro
1434 2964 1649 3040 antiquissimo
1674 2963 1843 3037 Norccgioe
1869 2961 2085 3021 venditaverit·

310 3064 417 3140 Neque
441 3068 508 3132 ejus
525 3062 607 3140 sons
631 3084 694 3121 esse
715 3067 838 3142 potuit,
869 3066 898 3120 si
922 3074 1001 3118 recte
1025 3084 1057 3120 se
1081 3061 1196 3120 babeat
1221 3061 1347 3119 editoris
1372 3062 1544 3119 doctissimi
1567 3065 1744 3134 consectum
1770 3061 1852 3118 illud
1874 3082 1895 3118 o
1920 3062 2009 3138 Rege
2033 3060 2084 3117 St·

305 3161 408 3237 gurdo
434 3162 723 3239 Hierosolimipeto,
759 3167 812 3240 qvi
842 3163 988 3236 regnavit
1016 3161 1086 3218 inde
1112 3161 1152 3219 ab
1178 3158 1260 3217 anno
1287 3163 1372 3218 1103
1400 3160 1447 3220 ad
1470 3163 1555 3218 1130
1563 3200 1574 3228 ,
1597 3160 1704 3238 fuisse
1729 3160 1885 3217 conditum
1911 3170 1942 3217 et
1966 3159 2076 3237 quiden

306 3271 379 3335 post
405 3263 471 3330 ejus
497 3260 629 3317 reditum
655 3265 676 3318 α’
702 3262 882 3319 Paloestina
915 3279 997 3316 anno
1024 3261 1105 3316 1111
1141 3272 1171 3316 et
1203 3260 1395 3317 decimarum
1422 3261 1601 3318 solutionem
1628 3271 1739 3336 postea
1766 3260 1805 3317 ab
1832 3262 1899 3336 ipso
1925 3260 2074 3326 introduc-

310 3369 399 3425 tam,
430 3368 504 3414 teste
530 3357 682 3416 Snorrous
713 3362 749 3416 in
779 3360 848 3417 vito
875 3356 1004 3435 Sigurdi
1036 3377 1061 3413 c.
1086 3360 1137 3415 21.
1173 3358 1231 3434 cfr.
1256 3363 1288 3432 j.
1321 3359 1391 3416 eccl.
1421 3360 1489 3417 Vic.
1523 3378 1547 3414 c.
1573 3362 1623 3416 11.
1685 3358 1722 3416 Si
1747 3380 1834 3415 cerus
1858 3360 1899 3415 sit
1926 3371 2075 3437 computus

316 3456 479 3515 Volumini
510 3446 572 3514 3ηιο
604 3458 749 3515 editionis
780 3456 868 3531 bofu.
902 3454 1042 3513 lsistorioe
1074 3456 1239 3514 Snorronis
1267 3461 1467 3532 praemissus,
1499 3458 1660 3538 ecclesiam
1686 3456 1962 3533 Kongbellensem,
1996 3463 2078 3529 cujus

280 3577 283 3582 ·
312 3559 424 3616 mentio
446 3556 494 3629 fit
524 3559 558 3612 in
581 3561 613 3630 j.
644 3558 712 3634 Vic.
746 3557 815 3615 eccl.
849 3577 874 3612 c.
900 3557 919 3612 8
946 3575 1030 3611 anuo
1056 3554 1176 3611 demum
1202 3558 1287 3612 1127
1313 3569 1503 3615 exstructam
1521 3557 1647 3633 fuisse,
1679 3555 1737 3613 leoc
1754 3562 1815 3630 jus
1841 3577 1902 3614 non
1927 3570 2003 3616 aute
2025 3579 2080 3615 an·

312 3675 387 3714 num
413 3657 499 3711 1128
532 3656 624 3713 condi
647 3659 755 3733 potuit
788 3654 920 3732 adeoque
952 3654 1072 3732 aliquot
1105 3674 1203 3712 annos
1229 3667 1303 3731 post
1327 3659 1388 3729 jus
1419 3656 1488 3713 eccl.
1515 3656 1568 3713 Isl.
1601 3655 1751 3714 Tleorlaci
1782 3667 1811 3712 et
1835 3657 1954 3715 Ketilli.
2013 3660 2080 3716 Po-

312 3774 382 3813 rum
407 3774 522 3833 quoque
548 3752 615 3813 liaec
631 3760 715 3828 jura
740 3758 821 3812 iuter
845 3774 877 3810 se
901 3755 1102 3812 consentiunt.
1161 3753 1248 3813 Inter
1280 3754 1350 3814 alia
1381 3766 1551 3813 memoratu
1578 3754 1707 3831 dignum
1734 3766 1779 3812 est
1801 3759 1878 3829 jure
1907 3757 2082 3816 Vicensiurn

312 3864 442 3913 cautum
466 3873 528 3910 esse
553 3874 621 3933 cop.
650 3844 697 3911 35⁰
723 3877 753 3931 p.
783 3854 823 3911 18
856 3854 1088 3913 matrimonium
1120 3872 1182 3909 nou
1206 3873 1245 3910 eo
1271 3852 1307 3912 de
1331 3874 1429 3911 causa
1454 3854 1630 3914 solvendum
1655 3874 1736 3924 esse,
1768 3855 1849 3933 qvod
1864 3866 1960 3932 pater
1985 3875 2081 3915 neces·

312 3954 408 4010 sitam
438 3963 565 4012 coactus
590 3956 655 4029 ipse
680 3953 834 4031 infantem
860 3950 1074 4012 moribundum
1098 3951 1311 4029 baptizaverit
1318 3938 1338 4021 ‚⁴
1365 3972 1435 4010 cum
1466 3965 1576 4011 contra
1601 3957 1662 4027 jus
1694 3954 1763 4010 eccl.
1789 3955 1844 4011 tst.
1876 3953 2028 4013 Thorlaci
2057 3967 2085 4013 et

314 4051 427 4111 Ketilli
453 4046 670 4129 ouliqcissima
692 4053 751 4111 illa
766 4052 901 4128 forma,
927 4050 1019 4132 qoam
1037 4049 1110 4110 Coit
1136 4054 1241 4127 regius
1261 4070 1468 4130 pergamenus
1487 4052 1640 4121 seruauit,
1662 4054 1832 4129 pracepiot
1853 4057 2086 4128 matrimonium

315 4150 371 4211 sub
396 4170 499 4228 poeno
519 4146 612 4209 'exilii
637 4147 896 4231 (fibrbsugsgardr)
922 4150 1098 4207 solvendum
1122 4170 1184 4209 esse
1209 4150 1245 4208 ob
1271 4153 1486 4226 cognationem
1510 4152 1703 4230 spiritualem
1729 4173 1766 4211 es
1791 4151 1945 4230 baptismo
1971 4166 2086 4224 ortam,

314 4261 345 4308 et
363 4269 400 4307 ex
419 4251 650 4327 ssqsplementis,
676 4272 743 4329 qcoe
761 4254 796 4308 in
814 4251 916 4309 eodem
933 4249 1062 4319 Codice,
1077 4246 1181 4324 finem
1197 4271 1318 4319 vernes,
1344 4251 1508 4327 leguntur,
1535 4262 1710 4328 appareat,
1735 4250 1792 4309 boc
1810 4263 1966 4310 statutum
1982 4274 2086 4312 recen-

315 4351 389 4406 tiori
421 4348 542 4405 demum
572 4363 703 4427 ternpore
725 4350 831 4427 fuisse
860 4360 1035 4420 mutatum,
1069 4369 1196 4427 eamque
1227 4352 1430 4407 mutationem
1460 4353 1496 4407 in
1526 4350 1743 4408 recentioribus
1767 4353 1998 4430 Monuscriptis
2023 4355 2087 4412 loco

315 4449 426 4507 ceteris
448 4451 626 4526 praecripti
651 4451 685 4506 in
709 4452 775 4526 ipso
801 4460 886 4506 textu
901 4448 1008 4525 fuisse
1032 4460 1195 4526 receptam.
1249 4448 1300 4506 Ab
1325 4449 1427 4506 altero
1447 4461 1542 4527 parte
1561 4470 1621 4526 pro
1647 4454 1768 4522 majore
1794 4453 1984 4529 antiquitate
1999 4456 2088 4526 juris

314 4548 385 4606 eccl.
411 4549 445 4606 V
441 4549 589 4604 icensium
604 4547 715 4624 facit,
740 4546 821 4626 qvod
842 4546 900 4603 boc
916 4552 977 4619 jus
1001 4546 1190 4624 baptismum
1214 4559 1303 4623 sputo
1329 4546 1365 4606 ob
1391 4547 1542 4624 desectum
1569 4570 1658 4627 aqva·
1672 4549 1805 4627 factum
1831 4551 1982 4608 admittat
2008 4556 2088 4623 (cl

310 4669 348 4726 p.
362 4651 420 4717 15)
447 4646 528 4725 quod
550 4667 587 4704 ee
603 4651 680 4720 Jure
702 4648 772 4704 eccl.
793 4646 953 4706 Islandico
975 4667 1038 4704 non
1055 4646 1189 4704 obtinuit
1215 4645 1295 4725 (cfr.
1310 4645 1354 4704 ed.
1382 4645 1561 4705 Thorlceliui
1585 4650 1648 4705 osb
1670 4669 1703 4725 p.
1725 4652 1853 4719 10-12).
1903 4650 1990 4709 Idem
2013 4672 2090 4730 quo·

256 4757 262 4779 ¹
315 4767 372 4825 que
389 4766 459 4824 cop.
478 4747 518 4802 16
542 4745 579 4802 de
598 4745 754 4820 conuiciis
775 4745 978 4819 confirmatur
998 4751 1044 4823 (p.
1066 4745 1194 4815 59-61).
1247 4747 1368 4803 Forma
1385 4766 1519 4824 quoque,
1544 4766 1612 4825 qua
1629 4751 1743 4826 sapius
1754 4770 1906 4825 personas
1924 4750 2091 4826 litigantes

316 4846 468 4923 loquentes
487 4845 606 4903 inducit
629 4845 703 4923 (cfr.
722 4866 746 4903 c.
763 4841 804 4902 14
821 4866 856 4922 p.
874 4845 936 4903 152
959 4864 984 4901 c.
1004 4846 1044 4902 17
1061 4865 1094 4922 p.
1112 4846 1169 4915 63)
1193 4864 1247 4901 neo
1269 4865 1331 4903 non
1351 4847 1491 4903 rationes
1509 4847 1719 4922 proverbiales
1739 4853 1784 4919 (ν.
1800 4869 1825 4905 c.
1846 4849 1901 4908 ubi
1918 4853 2010 4908 uenia
2032 4873 2090 4912 cu·

317 4963 386 5000 uem
408 4945 453 5005 ad
470 4948 623 5003 summain
633 4945 758 5023 samem
778 4944 893 5003 adacto
912 4944 1086 5003 comedendi
1105 4943 1254 5001 tribuitur
1272 4943 1350 5003 ”han
1370 4945 1429 5003 scal
1446 4943 1547 5004 hclldr
1567 4954 1615 5003 ets
1633 4945 1717 5005 hund
1734 4966 1793 5006 enn
1810 4946 1912 5008 hundr
1931 4950 1974 5008 eti
1992 4948 2094 5012 hann”

316 5046 363 5120 sp.
380 5046 440 5113 25)
463 5047 683 5121 antiquitatem
702 5047 834 5123 spirant.
887 5045 939 5101 Ex
959 5044 1078 5122 epilogo
1091 5045 1182 5116 juris
1199 5044 1298 5103 Nare.
1320 5044 1355 5102 V
1350 5045 1499 5101 icensium
1514 5045 1627 5121 colligo
1643 5045 1700 5102 boc
1708 5051 1768 5119 jus
1779 5050 1918 5124 primum
1933 5068 1985 5107 ore
2001 5051 2104 5109 modo

307 5139 606 5217 fuisse.concepturn
612 5162 625 5215 ,·
647 5143 705 5202 boc
723 5148 814 5204 ,enirn
830 5143 945 5204 uerba:
969 5139 1036 5203 ”Ns
1053 5160 1087 5200 cr
1101 5141 1311 5205 histis-seur
1325 5141 1404 5203 talos
1419 5142 1491 5202 sh'cr
1505 5162 1569 5202 sem
1587 5163 1640 5205 ver
1655 5144 1781 5204 komum
1797 5147 1898 5207 minue
1914 5147 1947 5208 d’
1963 5151 2109 5208 innuere
