<?xml version="1.0" encoding="UTF-8"?>
<!DOCTYPE html PUBLIC "-//W3C//DTD XHTML 1.0 Transitional//EN"
    "http://www.w3.org/TR/xhtml1/DTD/xhtml1-transitional.dtd">
<html xmlns="http://www.w3.org/1999/xhtml" xml:lang="en" lang="en">
 <head>
  <title>
</title>
<meta http-equiv="Content-Type" content="text/html;charset=utf-8" />
  <meta name='ocr-system' content='tesseract 3.04.00' />
  <meta name='ocr-capabilities' content='ocr_page ocr_carea ocr_par ocr_line ocrx_word'/>
</head>
<body>
  <div class='ocr_page' id='page_1' title='image "./hinfornalgbkisl00icelgoog_0143.png"; bbox 0 0 4522 5850; ppageno 0'>
   <div class='ocr_carea' id='block_1_1' title="bbox 903 271 1360 393">
    <p class='ocr_par' dir='ltr' id='par_1_1' title="bbox 903 271 1360 393">
     <span class='ocr_line' id='line_1_1' title="bbox 903 271 1360 393; baseline -0.004 -2"><span class='ocrx_word' id='word_1_1' title='bbox 903 271 974 367; x_wconf 75' lang='grc' dir='ltr'><em>’ἰ-</em></span> <span class='ocrx_word' id='word_1_2' title='bbox 1042 302 1225 393; x_wconf 72' lang='lat' dir='ltr'><em>cxnvl</em></span> <span class='ocrx_word' id='word_1_3' title='bbox 1293 349 1360 369; x_wconf 94' lang='grc'><strong>-</strong></span> 
     </span>
    </p>
   </div>
   <div class='ocr_carea' id='block_1_2' title="bbox 112 534 2024 3417">
    <p class='ocr_par' dir='ltr' id='par_1_2' title="bbox 112 534 2024 3417">
     <span class='ocr_line' id='line_1_2' title="bbox 186 534 2024 652; baseline -0.005 -19"><span class='ocrx_word' id='word_1_4' title='bbox 186 559 339 633; x_wconf 89' lang='lat' dir='ltr'><em>nomiom</em></span> <span class='ocrx_word' id='word_1_5' title='bbox 366 552 508 627; x_wconf 79' lang='lat' dir='ltr'><strong><em>ruralem</em></strong></span> <span class='ocrx_word' id='word_1_6' title='bbox 535 560 699 651; x_wconf 89' lang='lat' dir='ltr'><em>spectant,</em></span> <span class='ocrx_word' id='word_1_7' title='bbox 729 575 882 621; x_wconf 88' lang='lat' dir='ltr'><em>necnon</em></span> <span class='ocrx_word' id='word_1_8' title='bbox 910 534 964 621; x_wconf 88' lang='lat' dir='ltr'><em>ad</em></span> <span class='ocrx_word' id='word_1_9' title='bbox 981 550 1156 649; x_wconf 86' lang='lat' dir='ltr'><em>pob&#39;tiom,</em></span> <span class='ocrx_word' id='word_1_10' title='bbox 1194 562 1352 652; x_wconf 85' lang='lat' dir='ltr'><em>qeotenus</em></span> <span class='ocrx_word' id='word_1_11' title='bbox 1383 550 1457 623; x_wconf 80' lang='lat' dir='ltr'><em>lnec</em></span> <span class='ocrx_word' id='word_1_12' title='bbox 1485 552 1601 624; x_wconf 73' lang='lat' dir='ltr'><em>civium</em></span> <span class='ocrx_word' id='word_1_13' title='bbox 1629 552 1731 650; x_wconf 79' lang='lat' dir='ltr'><em>liujus</em></span> <span class='ocrx_word' id='word_1_14' title='bbox 1758 550 1947 651; x_wconf 84' lang='lat' dir='ltr'><em>reipublicoe</em></span> <span class='ocrx_word' id='word_1_15' title='bbox 1974 552 2024 623; x_wconf 88' lang='lat' dir='ltr'><em>int</em></span> 
     </span>
     <span class='ocr_line' id='line_1_3' title="bbox 186 690 2024 799; baseline -0.004 -22"><span class='ocrx_word' id='word_1_16' title='bbox 186 716 255 790; x_wconf 89' lang='lat' dir='ltr'><em>rat,</em></span> <span class='ocrx_word' id='word_1_17' title='bbox 284 698 525 799; x_wconf 66' lang='lat' dir='ltr'><em>morefistotur.</em></span> <span class='ocrx_word' id='word_1_18' title='bbox 583 694 677 768; x_wconf 89' lang='lat' dir='ltr'><em>Hinc</em></span> <span class='ocrx_word' id='word_1_19' title='bbox 707 690 825 767; x_wconf 75' lang='lat' dir='ltr'><em>Codex</em></span> <span class='ocrx_word' id='word_1_20' title='bbox 851 707 961 768; x_wconf 92' lang='lat' dir='ltr'><em>noster</em></span> <span class='ocrx_word' id='word_1_21' title='bbox 980 694 1027 767; x_wconf 84' lang='lat' dir='ltr'><em>de</em></span> <span class='ocrx_word' id='word_1_22' title='bbox 1054 696 1141 768; x_wconf 91' lang='lat' dir='ltr'><em>notis</em></span> <span class='ocrx_word' id='word_1_23' title='bbox 1168 696 1368 796; x_wconf 68' lang='lat' dir='ltr'><em>disjunctivis</em></span> <span class='ocrx_word' id='word_1_24' title='bbox 1389 724 1549 798; x_wconf 91' lang='lat' dir='ltr'><em>pecorum</em></span> <span class='ocrx_word' id='word_1_25' title='bbox 1573 695 1811 788; x_wconf 73' lang='lat' dir='ltr'><em>(einlcunnir),</em></span> <span class='ocrx_word' id='word_1_26' title='bbox 1844 724 1920 798; x_wconf 83' lang='lat' dir='ltr'><em>qeoe</em></span> <span class='ocrx_word' id='word_1_27' title='bbox 1940 698 1977 769; x_wconf 92' lang='lat' dir='ltr'><em>in</em></span> <span class='ocrx_word' id='word_1_28' title='bbox 1997 724 2024 769; x_wconf 83' lang='lat' dir='ltr'><em>ce</em></span> 
     </span>
     <span class='ocr_line' id='line_1_4' title="bbox 182 837 2024 950; baseline -0.003 -29"><span class='ocrx_word' id='word_1_29' title='bbox 182 874 316 950; x_wconf 87' lang='lat' dir='ltr'><em>pascuo</em></span> <span class='ocrx_word' id='word_1_30' title='bbox 350 854 516 915; x_wconf 87' lang='lat' dir='ltr'><em>montana</em></span> <span class='ocrx_word' id='word_1_31' title='bbox 552 852 583 913; x_wconf 95' lang='lat' dir='ltr'><em>et</em></span> <span class='ocrx_word' id='word_1_32' title='bbox 616 842 809 913; x_wconf 90' lang='lat' dir='ltr'><em>eommunia</em></span> <span class='ocrx_word' id='word_1_33' title='bbox 846 837 992 930; x_wconf 77' lang='lat' dir='ltr'><em>(asrittr)</em></span> <span class='ocrx_word' id='word_1_34' title='bbox 1028 841 1258 926; x_wconf 88' lang='lat' dir='ltr'><em>mittebantur,</em></span> <span class='ocrx_word' id='word_1_35' title='bbox 1296 843 1409 914; x_wconf 89' lang='lat' dir='ltr'><em>multis</em></span> <span class='ocrx_word' id='word_1_36' title='bbox 1443 856 1594 915; x_wconf 90' lang='lat' dir='ltr'><em>accurate</em></span> <span class='ocrx_word' id='word_1_37' title='bbox 1621 844 1716 915; x_wconf 90' lang='lat' dir='ltr'><em>edicit</em></span> <span class='ocrx_word' id='word_1_38' title='bbox 1742 842 1809 913; x_wconf 90' lang='lat' dir='ltr'><em>Lb.</em></span> <span class='ocrx_word' id='word_1_39' title='bbox 1839 869 1866 914; x_wconf 90' lang='lat' dir='ltr'><em>c.</em></span> <span class='ocrx_word' id='word_1_40' title='bbox 1890 838 1937 917; x_wconf 85' lang='lat'><em>37</em></span> <span class='ocrx_word' id='word_1_41' title='bbox 1971 862 2024 915; x_wconf 81' lang='lat' dir='ltr'><em>e.t</em></span> 
     </span>
     <span class='ocr_line' id='line_1_5' title="bbox 188 938 2024 1088; baseline -0.004 -23"><span class='ocrx_word' id='word_1_42' title='bbox 188 990 295 1088; x_wconf 77' lang='lat' dir='ltr'><em>Vigsl.</em></span> <span class='ocrx_word' id='word_1_43' title='bbox 310 989 351 1063; x_wconf 98' lang='grc'><em>11</em></span> <span class='ocrx_word' id='word_1_44' title='bbox 370 976 418 1077; x_wconf 72' lang='lat'><em>*),</em></span> <span class='ocrx_word' id='word_1_45' title='bbox 449 1014 526 1061; x_wconf 93' lang='lat' dir='ltr'><em>cum</em></span> <span class='ocrx_word' id='word_1_46' title='bbox 544 1000 657 1058; x_wconf 90' lang='lat' dir='ltr'><em>contra</em></span> <span class='ocrx_word' id='word_1_47' title='bbox 674 986 729 1057; x_wconf 76' lang='lat' dir='ltr'><em>lex</em></span> <span class='ocrx_word' id='word_1_48' title='bbox 746 983 902 1058; x_wconf 89' lang='lat' dir='ltr'><em>Haeonis</em></span> <span class='ocrx_word' id='word_1_49' title='bbox 919 984 1108 1057; x_wconf 81' lang='lat' dir='ltr'><em>Adelstenii</em></span> <span class='ocrx_word' id='word_1_50' title='bbox 1122 984 1254 1058; x_wconf 82' lang='lat' dir='ltr'><em>alremrei</em></span> <span class='ocrx_word' id='word_1_51' title='bbox 1268 987 1369 1087; x_wconf 78' lang='lat' dir='ltr'><em>liujus</em></span> <span class='ocrx_word' id='word_1_52' title='bbox 1385 988 1434 1061; x_wconf 90' lang='lat' dir='ltr'><em>rei</em></span> <span class='ocrx_word' id='word_1_53' title='bbox 1448 988 1505 1059; x_wconf 73' lang='lat' dir='ltr'><em>rie:</em></span> <span class='ocrx_word' id='word_1_54' title='bbox 1521 988 1719 1060; x_wconf 82' lang='lat' dir='ltr'><em>mentionem</em></span> <span class='ocrx_word' id='word_1_55' title='bbox 1730 987 1847 1085; x_wconf 88' lang='lat' dir='ltr'><em>saciat</em></span> <span class='ocrx_word' id='word_1_56' title='bbox 1856 938 1934 1077; x_wconf 32' lang='grc' dir='ltr'>”).Ι</span> <span class='ocrx_word' id='word_1_57' title='bbox 1973 986 2024 1059; x_wconf 87' lang='lat' dir='ltr'><em>Un</em></span> 
     </span>
     <span class='ocr_line' id='line_1_6' title="bbox 188 1128 2024 1238; baseline -0.005 -25"><span class='ocrx_word' id='word_1_58' title='bbox 188 1139 341 1238; x_wconf 78' lang='lat' dir='ltr'><em>idemque</em></span> <span class='ocrx_word' id='word_1_59' title='bbox 369 1132 508 1235; x_wconf 92' lang='lat' dir='ltr'><em>pondus</em></span> <span class='ocrx_word' id='word_1_60' title='bbox 538 1145 638 1233; x_wconf 76' lang='lat' dir='ltr'><em>atque</em></span> <span class='ocrx_word' id='word_1_61' title='bbox 665 1158 822 1203; x_wconf 91' lang='lat' dir='ltr'><em>mensura</em></span> <span class='ocrx_word' id='word_1_62' title='bbox 849 1131 884 1202; x_wconf 92' lang='lat' dir='ltr'><em>in</em></span> <span class='ocrx_word' id='word_1_63' title='bbox 912 1129 1064 1202; x_wconf 88' lang='lat' dir='ltr'><em>Islandio</em></span> <span class='ocrx_word' id='word_1_64' title='bbox 1092 1128 1208 1201; x_wconf 84' lang='lat' dir='ltr'><em>Secula</em></span> <span class='ocrx_word' id='word_1_65' title='bbox 1233 1160 1333 1232; x_wconf 80' lang='lat' dir='ltr'><em>pane</em></span> <span class='ocrx_word' id='word_1_66' title='bbox 1356 1134 1454 1233; x_wconf 89' lang='lat' dir='ltr'><em>prius</em></span> <span class='ocrx_word' id='word_1_67' title='bbox 1481 1161 1581 1233; x_wconf 79' lang='lat' dir='ltr'><em>qoam</em></span> <span class='ocrx_word' id='word_1_68' title='bbox 1610 1135 1646 1204; x_wconf 94' lang='lat' dir='ltr'><em>in</em></span> <span class='ocrx_word' id='word_1_69' title='bbox 1674 1132 1843 1230; x_wconf 86' lang='lat' dir='ltr'><em>Noreegia</em></span> <span class='ocrx_word' id='word_1_70' title='bbox 1870 1130 2024 1203; x_wconf 83' lang='lat' dir='ltr'><em>introduct</em></span> 
     </span>
     <span class='ocr_line' id='line_1_7' title="bbox 112 1270 2024 1386; baseline -0.005 -30"><span class='ocrx_word' id='word_1_71' title='bbox 112 1374 115 1381; x_wconf 33' lang='grc' dir='ltr'>Ι</span> <span class='ocrx_word' id='word_1_72' title='bbox 176 1286 271 1386; x_wconf 68' lang='lat' dir='ltr'><em>suit:</em></span> <span class='ocrx_word' id='word_1_73' title='bbox 303 1280 373 1353; x_wconf 86' lang='lat' dir='ltr'><em>Kb.</em></span> <span class='ocrx_word' id='word_1_74' title='bbox 403 1306 430 1351; x_wconf 91' lang='lat' dir='ltr'><em>c.</em></span> <span class='ocrx_word' id='word_1_75' title='bbox 453 1276 515 1350; x_wconf 87' lang='grc'>51.</span> <span class='ocrx_word' id='word_1_76' title='bbox 548 1276 610 1351; x_wconf 87' lang='grc'><em>79.</em></span> <span class='ocrx_word' id='word_1_77' title='bbox 643 1274 716 1362; x_wconf 83' lang='lat'><em>83,</em></span> <span class='ocrx_word' id='word_1_78' title='bbox 750 1270 857 1369; x_wconf 82' lang='lat' dir='ltr'><em>Vigsl.</em></span> <span class='ocrx_word' id='word_1_79' title='bbox 887 1302 915 1346; x_wconf 90' lang='lat' dir='ltr'><em>e.</em></span> <span class='ocrx_word' id='word_1_80' title='bbox 940 1274 1030 1347; x_wconf 89' lang='grc'>190.</span> <span class='ocrx_word' id='word_1_81' title='bbox 1086 1273 1146 1347; x_wconf 88' lang='lat' dir='ltr'><em>Ne</em></span> <span class='ocrx_word' id='word_1_82' title='bbox 1173 1291 1366 1349; x_wconf 88' lang='lat' dir='ltr'><em>mercatores</em></span> <span class='ocrx_word' id='word_1_83' title='bbox 1393 1278 1475 1349; x_wconf 82' lang='lat' dir='ltr'><em>ciees</em></span> <span class='ocrx_word' id='word_1_84' title='bbox 1501 1291 1708 1375; x_wconf 77' lang='lat' dir='ltr'><em>emungerent</em></span> <span class='ocrx_word' id='word_1_85' title='bbox 1734 1278 1848 1348; x_wconf 89' lang='lat' dir='ltr'><em>multis</em></span> <span class='ocrx_word' id='word_1_86' title='bbox 1875 1274 2024 1375; x_wconf 75' lang='lat' dir='ltr'><em>orodesp</em></span> 
     </span>
     <span class='ocr_line' id='line_1_8' title="bbox 190 1420 2018 1522; baseline -0.008 -17"><span class='ocrx_word' id='word_1_87' title='bbox 190 1433 307 1505; x_wconf 85' lang='lat' dir='ltr'><em>risum.</em></span> <span class='ocrx_word' id='word_1_88' title='bbox 375 1424 502 1497; x_wconf 87' lang='lat' dir='ltr'><em>Politia</em></span> <span class='ocrx_word' id='word_1_89' title='bbox 537 1422 573 1492; x_wconf 91' lang='lat' dir='ltr'><em>in</em></span> <span class='ocrx_word' id='word_1_90' title='bbox 605 1420 771 1518; x_wconf 88' lang='lat' dir='ltr'><em>portubus</em></span> <span class='ocrx_word' id='word_1_91' title='bbox 806 1434 836 1491; x_wconf 91' lang='lat' dir='ltr'><em>ct</em></span> <span class='ocrx_word' id='word_1_92' title='bbox 861 1420 1021 1491; x_wconf 88' lang='lat' dir='ltr'><em>nundinis</em></span> <span class='ocrx_word' id='word_1_93' title='bbox 1048 1434 1198 1493; x_wconf 89' lang='lat' dir='ltr'><em>accurate</em></span> <span class='ocrx_word' id='word_1_94' title='bbox 1225 1423 1417 1495; x_wconf 64' lang='lat' dir='ltr'><em>sen-‘abatur</em></span> <span class='ocrx_word' id='word_1_95' title='bbox 1452 1422 1525 1521; x_wconf 84' lang='lat' dir='ltr'><em>(ese.</em></span> <span class='ocrx_word' id='word_1_96' title='bbox 1546 1426 1608 1522; x_wconf 82' lang='lat' dir='ltr'><em>jus</em></span> <span class='ocrx_word' id='word_1_97' title='bbox 1635 1421 1752 1494; x_wconf 86' lang='lat' dir='ltr'><em>naeole</em></span> <span class='ocrx_word' id='word_1_98' title='bbox 1780 1420 2018 1509; x_wconf 75' lang='grc' dir='ltr'>ε.9).1]1ι’</span> 
     </span>
     <span class='ocr_line' id='line_1_9' title="bbox 191 1564 2007 1674; baseline -0.007 -25"><span class='ocrx_word' id='word_1_99' title='bbox 191 1578 293 1653; x_wconf 88' lang='lat' dir='ltr'><em>altero</em></span> <span class='ocrx_word' id='word_1_100' title='bbox 316 1583 413 1674; x_wconf 91' lang='lat' dir='ltr'><em>parte</em></span> <span class='ocrx_word' id='word_1_101' title='bbox 436 1566 672 1669; x_wconf 71' lang='lat' dir='ltr'><em>providebatur</em></span> <span class='ocrx_word' id='word_1_102' title='bbox 697 1592 739 1637; x_wconf 89' lang='lat' dir='ltr'><em>ne</em></span> <span class='ocrx_word' id='word_1_103' title='bbox 766 1592 865 1638; x_wconf 90' lang='lat' dir='ltr'><em>canes</em></span> <span class='ocrx_word' id='word_1_104' title='bbox 892 1565 1025 1666; x_wconf 80' lang='lat' dir='ltr'><em>aliaque</em></span> <span class='ocrx_word' id='word_1_105' title='bbox 1052 1567 1216 1638; x_wconf 76' lang='lat' dir='ltr'><em>areinolia</em></span> <span class='ocrx_word' id='word_1_106' title='bbox 1245 1567 1424 1639; x_wconf 90' lang='lat' dir='ltr'><em>domestica</em></span> <span class='ocrx_word' id='word_1_107' title='bbox 1452 1568 1488 1638; x_wconf 92' lang='lat' dir='ltr'><em>in</em></span> <span class='ocrx_word' id='word_1_108' title='bbox 1517 1568 1682 1639; x_wconf 90' lang='lat' dir='ltr'><em>domnum</em></span> <span class='ocrx_word' id='word_1_109' title='bbox 1706 1568 1756 1639; x_wconf 84' lang='lat' dir='ltr'><em>rel</em></span> <span class='ocrx_word' id='word_1_110' title='bbox 1774 1564 2007 1637; x_wconf 89' lang='lat' dir='ltr'><em>coutumeliam</em></span> 
     </span>
     <span class='ocr_line' id='line_1_10' title="bbox 191 1710 2024 1816; baseline -0.01 -17"><span class='ocrx_word' id='word_1_111' title='bbox 191 1724 278 1799; x_wconf 90' lang='lat' dir='ltr'><em>mini</em></span> <span class='ocrx_word' id='word_1_112' title='bbox 301 1720 372 1793; x_wconf 89' lang='lat' dir='ltr'><em>sine</em></span> <span class='ocrx_word' id='word_1_113' title='bbox 390 1717 487 1816; x_wconf 79' lang='lat' dir='ltr'><em>justo</em></span> <span class='ocrx_word' id='word_1_114' title='bbox 514 1738 618 1784; x_wconf 88' lang='lat' dir='ltr'><em>causo</em></span> <span class='ocrx_word' id='word_1_115' title='bbox 645 1710 734 1781; x_wconf 90' lang='lat' dir='ltr'><em>mole</em></span> <span class='ocrx_word' id='word_1_116' title='bbox 760 1710 972 1795; x_wconf 75' lang='lat' dir='ltr'><em>haberentur,</em></span> <span class='ocrx_word' id='word_1_117' title='bbox 1001 1713 1047 1782; x_wconf 91' lang='lat' dir='ltr'><em>ab</em></span> <span class='ocrx_word' id='word_1_118' title='bbox 1076 1712 1179 1783; x_wconf 92' lang='lat' dir='ltr'><em>altera</em></span> <span class='ocrx_word' id='word_1_119' title='bbox 1207 1712 1333 1783; x_wconf 86' lang='lat' dir='ltr'><em>dieerso</em></span> <span class='ocrx_word' id='word_1_120' title='bbox 1360 1724 1483 1785; x_wconf 92' lang='lat' dir='ltr'><em>statuta</em></span> <span class='ocrx_word' id='word_1_121' title='bbox 1507 1712 1687 1811; x_wconf 81' lang='lat' dir='ltr'><em>prudenter</em></span> <span class='ocrx_word' id='word_1_122' title='bbox 1712 1724 1825 1783; x_wconf 81' lang='lat' dir='ltr'><em>carent</em></span> <span class='ocrx_word' id='word_1_123' title='bbox 1851 1738 1893 1782; x_wconf 92' lang='lat' dir='ltr'><em>ne</em></span> <span class='ocrx_word' id='word_1_124' title='bbox 1921 1710 2024 1811; x_wconf 84' lang='lat' dir='ltr'><em>qrise</em></span> 
     </span>
     <span class='ocr_line' id='line_1_11' title="bbox 193 1852 2024 1956; baseline -0.007 -19"><span class='ocrx_word' id='word_1_125' title='bbox 193 1872 239 1945; x_wconf 80' lang='lat' dir='ltr'><em>ab</em></span> <span class='ocrx_word' id='word_1_126' title='bbox 258 1868 299 1941; x_wconf 91' lang='lat' dir='ltr'><em>iis</em></span> <span class='ocrx_word' id='word_1_127' title='bbox 315 1861 499 1941; x_wconf 66' lang='lat' dir='ltr'><em>lcedereture</em></span> <span class='ocrx_word' id='word_1_128' title='bbox 525 1853 632 1949; x_wconf 80' lang='lat' dir='ltr'><em>Vigsl.</em></span> <span class='ocrx_word' id='word_1_129' title='bbox 652 1882 679 1927; x_wconf 89' lang='lat' dir='ltr'><em>e.</em></span> <span class='ocrx_word' id='word_1_130' title='bbox 697 1853 747 1929; x_wconf 80' lang='lat'><em>75</em></span> <span class='ocrx_word' id='word_1_131' title='bbox 763 1885 803 1953; x_wconf 90' lang='lat' dir='ltr'><em>p.</em></span> <span class='ocrx_word' id='word_1_132' title='bbox 819 1854 894 1927; x_wconf 87' lang='grc'><em>118</em></span> <span class='ocrx_word' id='word_1_133' title='bbox 915 1885 942 1928; x_wconf 89' lang='lat' dir='ltr'><em>c.</em></span> <span class='ocrx_word' id='word_1_134' title='bbox 960 1854 1099 1932; x_wconf 78' lang='lat'><strong>76-79.</strong></span> <span class='ocrx_word' id='word_1_135' title='bbox 1162 1855 1297 1955; x_wconf 78' lang='lat' dir='ltr'><em>Optime</em></span> <span class='ocrx_word' id='word_1_136' title='bbox 1314 1869 1443 1930; x_wconf 79' lang='lat' dir='ltr'><em>caretur</em></span> <span class='ocrx_word' id='word_1_137' title='bbox 1458 1884 1500 1928; x_wconf 92' lang='lat' dir='ltr'><em>ne</em></span> <span class='ocrx_word' id='word_1_138' title='bbox 1516 1857 1664 1956; x_wconf 80' lang='lat' dir='ltr'><em>inepilini</em></span> <span class='ocrx_word' id='word_1_139' title='bbox 1679 1858 1893 1927; x_wconf 89' lang='lat' dir='ltr'><em>tabernarum</em></span> <span class='ocrx_word' id='word_1_140' title='bbox 1912 1852 2024 1945; x_wconf 76' lang='lat' dir='ltr'><em>(bbdst</em></span> 
     </span>
     <span class='ocr_line' id='line_1_12' title="bbox 194 1994 2024 2101; baseline -0.008 -14"><span class='ocrx_word' id='word_1_141' title='bbox 194 2007 338 2099; x_wconf 78' lang='lat' dir='ltr'><em>menn),</em></span> <span class='ocrx_word' id='word_1_142' title='bbox 372 2005 444 2079; x_wconf 90' lang='lat' dir='ltr'><em>Ob.</em></span> <span class='ocrx_word' id='word_1_143' title='bbox 474 2030 501 2074; x_wconf 88' lang='lat' dir='ltr'><em>c.</em></span> <span class='ocrx_word' id='word_1_144' title='bbox 525 1999 567 2073; x_wconf 82' lang='grc'>31</span> <span class='ocrx_word' id='word_1_145' title='bbox 599 1999 649 2071; x_wconf 86' lang='lat' dir='ltr'><em>rel</em></span> <span class='ocrx_word' id='word_1_146' title='bbox 672 1998 895 2071; x_wconf 81' lang='lat' dir='ltr'><em>mendicantes</em></span> <span class='ocrx_word' id='word_1_147' title='bbox 921 2001 1136 2101; x_wconf 78' lang='lat' dir='ltr'><em>hominesque</em></span> <span class='ocrx_word' id='word_1_148' title='bbox 1163 2002 1240 2098; x_wconf 81' lang='lat' dir='ltr'><em>rogi</em></span> <span class='ocrx_word' id='word_1_149' title='bbox 1264 2001 1386 2072; x_wconf 75' lang='lat' dir='ltr'><em>civibus</em></span> <span class='ocrx_word' id='word_1_150' title='bbox 1414 2002 1507 2073; x_wconf 89' lang='lat' dir='ltr'><em>oneri</em></span> <span class='ocrx_word' id='word_1_151' title='bbox 1531 2015 1652 2086; x_wconf 84' lang='lat' dir='ltr'><em>essent,</em></span> <span class='ocrx_word' id='word_1_152' title='bbox 1684 2000 1756 2072; x_wconf 81' lang='lat' dir='ltr'><em>Ob.</em></span> <span class='ocrx_word' id='word_1_153' title='bbox 1784 2027 1811 2071; x_wconf 91' lang='lat' dir='ltr'><em>c.</em></span> <span class='ocrx_word' id='word_1_154' title='bbox 1835 1997 1878 2072; x_wconf 84' lang='grc'>31</span> <span class='ocrx_word' id='word_1_155' title='bbox 1905 1994 1952 2088; x_wconf 88' lang='grc' dir='ltr'><em>(Ι.</em></span> <span class='ocrx_word' id='word_1_156' title='bbox 1979 1996 2024 2072; x_wconf 81' lang='grc'><em>99</em></span> 
     </span>
     <span class='ocr_line' id='line_1_13' title="bbox 195 2142 2024 2245; baseline -0.01 -12"><span class='ocrx_word' id='word_1_157' title='bbox 195 2160 264 2233; x_wconf 84' lang='lat' dir='ltr'><em>Kb.</em></span> <span class='ocrx_word' id='word_1_158' title='bbox 291 2182 319 2227; x_wconf 92' lang='lat' dir='ltr'><em>c.</em></span> <span class='ocrx_word' id='word_1_159' title='bbox 342 2148 392 2225; x_wconf 85' lang='grc'>16</span> <span class='ocrx_word' id='word_1_160' title='bbox 421 2147 466 2238; x_wconf 91' lang='lat' dir='ltr'><em>(l.</em></span> <span class='ocrx_word' id='word_1_161' title='bbox 497 2144 593 2232; x_wconf 88' lang='grc'>156)</span> <span class='ocrx_word' id='word_1_162' title='bbox 620 2172 648 2216; x_wconf 84' lang='lat' dir='ltr'><em>c.</em></span> <span class='ocrx_word' id='word_1_163' title='bbox 670 2143 719 2216; x_wconf 84' lang='grc'><em>65</em></span> <span class='ocrx_word' id='word_1_164' title='bbox 749 2144 810 2235; x_wconf 83' lang='lat' dir='ltr'><em>(th.</em></span> <span class='ocrx_word' id='word_1_165' title='bbox 839 2144 953 2235; x_wconf 86' lang='grc'>189);</span> <span class='ocrx_word' id='word_1_166' title='bbox 981 2146 1214 2217; x_wconf 89' lang='lat' dir='ltr'><em>simulantem</em></span> <span class='ocrx_word' id='word_1_167' title='bbox 1237 2144 1330 2217; x_wconf 87' lang='lat' dir='ltr'><em>nullo</em></span> <span class='ocrx_word' id='word_1_168' title='bbox 1351 2146 1463 2219; x_wconf 85' lang='lat' dir='ltr'><em>ciritas</em></span> <span class='ocrx_word' id='word_1_169' title='bbox 1485 2148 1565 2218; x_wconf 78' lang='lat' dir='ltr'><em>reris</em></span> <span class='ocrx_word' id='word_1_170' title='bbox 1587 2146 1692 2245; x_wconf 78' lang='lat' dir='ltr'><em>egenis</em></span> <span class='ocrx_word' id='word_1_171' title='bbox 1713 2146 1830 2216; x_wconf 91' lang='lat' dir='ltr'><em>melius</em></span> <span class='ocrx_word' id='word_1_172' title='bbox 1851 2142 2024 2227; x_wconf 88' lang='lat' dir='ltr'><em>consuluit,</em></span> 
     </span>
     <span class='ocr_line' id='line_1_14' title="bbox 195 2287 2024 2386; baseline -0.009 -11"><span class='ocrx_word' id='word_1_173' title='bbox 195 2333 239 2379; x_wconf 74' lang='lat' dir='ltr'><em>ex</em></span> <span class='ocrx_word' id='word_1_174' title='bbox 260 2298 391 2375; x_wconf 71' lang='lat' dir='ltr'><em>dirersis</em></span> <span class='ocrx_word' id='word_1_175' title='bbox 412 2294 542 2367; x_wconf 89' lang='lat' dir='ltr'><em>statutis</em></span> <span class='ocrx_word' id='word_1_176' title='bbox 564 2290 600 2361; x_wconf 91' lang='lat' dir='ltr'><em>in</em></span> <span class='ocrx_word' id='word_1_177' title='bbox 621 2291 818 2361; x_wconf 83' lang='lat' dir='ltr'><em>sectionibus</em></span> <span class='ocrx_word' id='word_1_178' title='bbox 838 2290 879 2362; x_wconf 89' lang='lat' dir='ltr'><em>de</em></span> <span class='ocrx_word' id='word_1_179' title='bbox 902 2289 1098 2363; x_wconf 89' lang='lat' dir='ltr'><em>alendorum</em></span> <span class='ocrx_word' id='word_1_180' title='bbox 1118 2292 1366 2375; x_wconf 85' lang='lat' dir='ltr'><em>sustentatione,</em></span> <span class='ocrx_word' id='word_1_181' title='bbox 1396 2320 1455 2363; x_wconf 90' lang='lat' dir='ltr'><em>nee</em></span> <span class='ocrx_word' id='word_1_182' title='bbox 1475 2319 1543 2362; x_wconf 91' lang='lat' dir='ltr'><em>non</em></span> <span class='ocrx_word' id='word_1_183' title='bbox 1560 2293 1596 2362; x_wconf 92' lang='lat' dir='ltr'><em>in</em></span> <span class='ocrx_word' id='word_1_184' title='bbox 1613 2292 1676 2363; x_wconf 92' lang='lat' dir='ltr'><em>illis</em></span> <span class='ocrx_word' id='word_1_185' title='bbox 1693 2290 1733 2361; x_wconf 93' lang='lat' dir='ltr'><em>de</em></span> <span class='ocrx_word' id='word_1_186' title='bbox 1743 2290 1881 2386; x_wconf 86' lang='lat' dir='ltr'><em>judiciis</em></span> <span class='ocrx_word' id='word_1_187' title='bbox 1898 2302 1930 2361; x_wconf 93' lang='lat' dir='ltr'><em>et</em></span> <span class='ocrx_word' id='word_1_188' title='bbox 1946 2287 2024 2359; x_wconf 78' lang='lat' dir='ltr'><em>dee</em></span> 
     </span>
     <span class='ocr_line' id='line_1_15' title="bbox 196 2434 2024 2535; baseline -0.011 -12"><span class='ocrx_word' id='word_1_189' title='bbox 196 2447 323 2523; x_wconf 88' lang='lat' dir='ltr'><em>merciis</em></span> <span class='ocrx_word' id='word_1_190' title='bbox 343 2442 452 2515; x_wconf 89' lang='lat' dir='ltr'><em>elucet.</em></span> <span class='ocrx_word' id='word_1_191' title='bbox 510 2436 662 2507; x_wconf 88' lang='lat' dir='ltr'><em>Viorum</em></span> <span class='ocrx_word' id='word_1_192' title='bbox 680 2435 892 2534; x_wconf 89' lang='lat' dir='ltr'><em>publicarum</em></span> <span class='ocrx_word' id='word_1_193' title='bbox 910 2448 942 2506; x_wconf 92' lang='lat' dir='ltr'><em>et</em></span> <span class='ocrx_word' id='word_1_194' title='bbox 953 2436 1108 2535; x_wconf 90' lang='lat' dir='ltr'><em>pontium</em></span> <span class='ocrx_word' id='word_1_195' title='bbox 1128 2464 1207 2507; x_wconf 89' lang='lat' dir='ltr'><em>eura</em></span> <span class='ocrx_word' id='word_1_196' title='bbox 1225 2463 1293 2507; x_wconf 91' lang='lat' dir='ltr'><em>non</em></span> <span class='ocrx_word' id='word_1_197' title='bbox 1310 2437 1469 2533; x_wconf 87' lang='lat' dir='ltr'><em>neglecto,</em></span> <span class='ocrx_word' id='word_1_198' title='bbox 1500 2436 1648 2535; x_wconf 82' lang='lat' dir='ltr'><em>qramois</em></span> <span class='ocrx_word' id='word_1_199' title='bbox 1665 2436 1807 2506; x_wconf 90' lang='lat' dir='ltr'><em>multum</em></span> <span class='ocrx_word' id='word_1_200' title='bbox 1825 2434 1879 2506; x_wconf 82' lang='lat' dir='ltr'><em>tic</em></span> <span class='ocrx_word' id='word_1_201' title='bbox 1892 2434 2024 2535; x_wconf 82' lang='lat' dir='ltr'><em>prieatot</em></span> 
     </span>
     <span class='ocr_line' id='line_1_16' title="bbox 197 2577 2024 2692; baseline -0.007 -29"><span class='ocrx_word' id='word_1_202' title='bbox 197 2588 371 2692; x_wconf 75' lang='lat' dir='ltr'><em>diligentia</em></span> <span class='ocrx_word' id='word_1_203' title='bbox 391 2585 534 2656; x_wconf 90' lang='lat' dir='ltr'><em>relictum</em></span> <span class='ocrx_word' id='word_1_204' title='bbox 546 2580 669 2678; x_wconf 90' lang='lat' dir='ltr'><em>suerit,·</em></span> <span class='ocrx_word' id='word_1_205' title='bbox 698 2580 765 2653; x_wconf 83' lang='lat' dir='ltr'><em>Lb.</em></span> <span class='ocrx_word' id='word_1_206' title='bbox 792 2606 819 2651; x_wconf 91' lang='lat' dir='ltr'><em>c.</em></span> <span class='ocrx_word' id='word_1_207' title='bbox 840 2578 886 2652; x_wconf 87' lang='grc'><em>15</em></span> <span class='ocrx_word' id='word_1_208' title='bbox 908 2592 938 2651; x_wconf 91' lang='lat' dir='ltr'><em>et</em></span> <span class='ocrx_word' id='word_1_209' title='bbox 960 2577 1008 2651; x_wconf 90' lang='grc'>16</span> <span class='ocrx_word' id='word_1_210' title='bbox 1031 2577 1096 2669; x_wconf 90' lang='grc' dir='ltr'><em>(ΙΙ.</em></span> <span class='ocrx_word' id='word_1_211' title='bbox 1114 2610 1153 2681; x_wconf 94' lang='lat' dir='ltr'><em>p.</em></span> <span class='ocrx_word' id='word_1_212' title='bbox 1174 2578 1266 2653; x_wconf 84' lang='grc'>961.</span> <span class='ocrx_word' id='word_1_213' title='bbox 1288 2578 1367 2653; x_wconf 88' lang='grc'><em>966</em></span> <span class='ocrx_word' id='word_1_214' title='bbox 1389 2578 1461 2669; x_wconf 77' lang='lat' dir='ltr'><em>ss).</em></span> <span class='ocrx_word' id='word_1_215' title='bbox 1521 2578 1609 2651; x_wconf 91' lang='lat' dir='ltr'><em>Cum</em></span> <span class='ocrx_word' id='word_1_216' title='bbox 1632 2582 1776 2681; x_wconf 86' lang='lat' dir='ltr'><em>bospitio</em></span> <span class='ocrx_word' id='word_1_217' title='bbox 1793 2582 1934 2680; x_wconf 92' lang='lat' dir='ltr'><em>publica</em></span> <span class='ocrx_word' id='word_1_218' title='bbox 1954 2578 2024 2651; x_wconf 84' lang='lat' dir='ltr'><em>dees</em></span> 
     </span>
     <span class='ocr_line' id='line_1_17' title="bbox 197 2723 2024 2829; baseline -0.01 -16"><span class='ocrx_word' id='word_1_219' title='bbox 197 2738 319 2813; x_wconf 87' lang='lat' dir='ltr'><em>colonis</em></span> <span class='ocrx_word' id='word_1_220' title='bbox 346 2728 526 2829; x_wconf 87' lang='lat' dir='ltr'><em>bospitium</em></span> <span class='ocrx_word' id='word_1_221' title='bbox 550 2725 699 2825; x_wconf 84' lang='lat' dir='ltr'><em>proebere</em></span> <span class='ocrx_word' id='word_1_222' title='bbox 722 2725 1022 2823; x_wconf 74' lang='lat' dir='ltr'><em>peregrinantibus,</em></span> <span class='ocrx_word' id='word_1_223' title='bbox 1057 2726 1270 2824; x_wconf 89' lang='lat' dir='ltr'><em>potissimum</em></span> <span class='ocrx_word' id='word_1_224' title='bbox 1292 2726 1409 2823; x_wconf 78' lang='lat' dir='ltr'><em>surius</em></span> <span class='ocrx_word' id='word_1_225' title='bbox 1440 2724 1651 2812; x_wconf 88' lang='lat' dir='ltr'><em>ducentibus,</em></span> <span class='ocrx_word' id='word_1_226' title='bbox 1688 2726 1939 2799; x_wconf 89' lang='lat' dir='ltr'><em>matrimonium</em></span> <span class='ocrx_word' id='word_1_227' title='bbox 1971 2723 2024 2795; x_wconf 88' lang='lat' dir='ltr'><em>init</em></span> 
     </span>
     <span class='ocr_line' id='line_1_18' title="bbox 196 2858 2016 2981; baseline -0.006 -29"><span class='ocrx_word' id='word_1_228' title='bbox 196 2904 374 2981; x_wconf 80' lang='lat' dir='ltr'><em>eorumque</em></span> <span class='ocrx_word' id='word_1_229' title='bbox 397 2872 585 2954; x_wconf 84' lang='lat' dir='ltr'><em>comitibus,</em></span> <span class='ocrx_word' id='word_1_230' title='bbox 611 2869 774 2943; x_wconf 82' lang='lat' dir='ltr'><em>naucleris</em></span> <span class='ocrx_word' id='word_1_231' title='bbox 794 2858 985 2969; x_wconf 75' lang='lat' dir='ltr'><em>nbutrsque,</em></span> <span class='ocrx_word' id='word_1_232' title='bbox 1013 2871 1137 2941; x_wconf 67' lang='lat' dir='ltr'><em>ceribus</em></span> <span class='ocrx_word' id='word_1_233' title='bbox 1149 2870 1317 2969; x_wconf 75' lang='lat' dir='ltr'><em>judcium</em></span> <span class='ocrx_word' id='word_1_234' title='bbox 1335 2870 1521 2969; x_wconf 89' lang='lat' dir='ltr'><em>petentibus</em></span> <span class='ocrx_word' id='word_1_235' title='bbox 1542 2871 1666 2968; x_wconf 77' lang='lat' dir='ltr'><em>legibus</em></span> <span class='ocrx_word' id='word_1_236' title='bbox 1685 2872 1887 2963; x_wconf 74' lang='lat' dir='ltr'><em>irn‘unctum,·</em></span> <span class='ocrx_word' id='word_1_237' title='bbox 1914 2899 1943 2943; x_wconf 84' lang='lat' dir='ltr'><em>r.</em></span> <span class='ocrx_word' id='word_1_238' title='bbox 1956 2872 2016 2970; x_wconf 78' lang='lat' dir='ltr'><em>jus</em></span> 
     </span>
     <span class='ocr_line' id='line_1_19' title="bbox 171 3012 2024 3116; baseline -0.01 -15"><span class='ocrx_word' id='word_1_239' title='bbox 171 3031 271 3105; x_wconf 77' lang='lat' dir='ltr'><em>ecel.</em></span> <span class='ocrx_word' id='word_1_240' title='bbox 295 3038 383 3100; x_wconf 81' lang='lat' dir='ltr'><em>retus</em></span> <span class='ocrx_word' id='word_1_241' title='bbox 410 3047 438 3092; x_wconf 92' lang='lat' dir='ltr'><em>c.</em></span> <span class='ocrx_word' id='word_1_242' title='bbox 463 3014 486 3091; x_wconf 88' lang='grc'>1</span> <span class='ocrx_word' id='word_1_243' title='bbox 517 3016 572 3116; x_wconf 85' lang='lat' dir='ltr'><em>(p.</em></span> <span class='ocrx_word' id='word_1_244' title='bbox 597 3012 666 3104; x_wconf 88' lang='grc'><em>96)</em></span> <span class='ocrx_word' id='word_1_245' title='bbox 695 3044 722 3088; x_wconf 91' lang='lat' dir='ltr'><em>c.</em></span> <span class='ocrx_word' id='word_1_246' title='bbox 747 3015 792 3090; x_wconf 89' lang='grc'><em>17</em></span> <span class='ocrx_word' id='word_1_247' title='bbox 820 3044 859 3115; x_wconf 90' lang='lat' dir='ltr'><em>p.</em></span> <span class='ocrx_word' id='word_1_248' title='bbox 884 3012 947 3086; x_wconf 84' lang='grc'><em>86.</em></span> <span class='ocrx_word' id='word_1_249' title='bbox 1004 3012 1177 3113; x_wconf 85' lang='lat' dir='ltr'><em>Singulore</em></span> <span class='ocrx_word' id='word_1_250' title='bbox 1198 3015 1404 3114; x_wconf 82' lang='lat' dir='ltr'><em>agriculturae</em></span> <span class='ocrx_word' id='word_1_251' title='bbox 1420 3015 1658 3115; x_wconf 75' lang='lat' dir='ltr'><em>promerenda</em></span> <span class='ocrx_word' id='word_1_252' title='bbox 1680 3016 1827 3087; x_wconf 91' lang='lat' dir='ltr'><em>studium</em></span> <span class='ocrx_word' id='word_1_253' title='bbox 1849 3016 1930 3087; x_wconf 89' lang='lat' dir='ltr'><em>olim</em></span> <span class='ocrx_word' id='word_1_254' title='bbox 1952 3012 2024 3085; x_wconf 78' lang='lat' dir='ltr'><em>Isloe</em></span> 
     </span>
     <span class='ocr_line' id='line_1_20' title="bbox 179 3157 2024 3271; baseline -0.003 -36"><span class='ocrx_word' id='word_1_255' title='bbox 179 3169 313 3271; x_wconf 47' lang='lat' dir='ltr'><em>{mages</em></span> <span class='ocrx_word' id='word_1_256' title='bbox 333 3194 433 3270; x_wconf 80' lang='lat' dir='ltr'><em>qoam</em></span> <span class='ocrx_word' id='word_1_257' title='bbox 462 3161 559 3233; x_wconf 80' lang='lat' dir='ltr'><em>leodic</em></span> <span class='ocrx_word' id='word_1_258' title='bbox 587 3160 722 3230; x_wconf 93' lang='lat' dir='ltr'><em>insitum</em></span> <span class='ocrx_word' id='word_1_259' title='bbox 750 3157 854 3258; x_wconf 80' lang='lat' dir='ltr'><em>effecit</em></span> <span class='ocrx_word' id='word_1_260' title='bbox 880 3169 918 3229; x_wconf 93' lang='lat' dir='ltr'><em>ut</em></span> <span class='ocrx_word' id='word_1_261' title='bbox 940 3160 1022 3256; x_wconf 81' lang='lat' dir='ltr'><em>leges</em></span> <span class='ocrx_word' id='word_1_262' title='bbox 1036 3161 1231 3257; x_wconf 85' lang='lat' dir='ltr'><em>fundorum</em></span> <span class='ocrx_word' id='word_1_263' title='bbox 1254 3160 1399 3232; x_wconf 90' lang='lat' dir='ltr'><em>dominis</em></span> <span class='ocrx_word' id='word_1_264' title='bbox 1415 3161 1516 3260; x_wconf 91' lang='lat' dir='ltr'><em>plura</em></span> <span class='ocrx_word' id='word_1_265' title='bbox 1539 3161 1666 3233; x_wconf 79' lang='lat' dir='ltr'><em>vincula</em></span> <span class='ocrx_word' id='word_1_266' title='bbox 1686 3162 1905 3262; x_wconf 88' lang='lat' dir='ltr'><em>imponerent,</em></span> <span class='ocrx_word' id='word_1_267' title='bbox 1937 3185 2024 3259; x_wconf 74' lang='lat' dir='ltr'><em>qoam</em></span> 
     </span>
     <span class='ocr_line' id='line_1_21' title="bbox 191 3299 2024 3417; baseline -0.004 -34"><span class='ocrx_word' id='word_1_268' title='bbox 191 3320 270 3417; x_wconf 82' lang='lat' dir='ltr'><em>jam</em></span> <span class='ocrx_word' id='word_1_269' title='bbox 298 3307 431 3411; x_wconf 90' lang='lat' dir='ltr'><em>imponi</em></span> <span class='ocrx_word' id='word_1_270' title='bbox 456 3306 601 3385; x_wconf 69' lang='lat' dir='ltr'><em>sulcante</em></span> <span class='ocrx_word' id='word_1_271' title='bbox 634 3328 662 3372; x_wconf 81' lang='lat' dir='ltr'><em>e.</em></span> <span class='ocrx_word' id='word_1_272' title='bbox 690 3299 759 3371; x_wconf 87' lang='lat' dir='ltr'><em>Lb.</em></span> <span class='ocrx_word' id='word_1_273' title='bbox 787 3327 815 3370; x_wconf 90' lang='lat' dir='ltr'><em>c.</em></span> <span class='ocrx_word' id='word_1_274' title='bbox 839 3301 900 3372; x_wconf 85' lang='grc'>19.</span> <span class='ocrx_word' id='word_1_275' title='bbox 931 3300 994 3372; x_wconf 88' lang='grc'>91.</span> <span class='ocrx_word' id='word_1_276' title='bbox 1027 3299 1089 3373; x_wconf 82' lang='grc'><em>39.</em></span> <span class='ocrx_word' id='word_1_277' title='bbox 1152 3302 1212 3375; x_wconf 89' lang='lat' dir='ltr'><em>Ne</em></span> <span class='ocrx_word' id='word_1_278' title='bbox 1239 3305 1309 3403; x_wconf 82' lang='lat' dir='ltr'><em>qeis</em></span> <span class='ocrx_word' id='word_1_279' title='bbox 1336 3304 1429 3376; x_wconf 91' lang='lat' dir='ltr'><em>bono</em></span> <span class='ocrx_word' id='word_1_280' title='bbox 1455 3332 1520 3377; x_wconf 90' lang='lat' dir='ltr'><em>sua</em></span> <span class='ocrx_word' id='word_1_281' title='bbox 1547 3305 1782 3377; x_wconf 85' lang='lat' dir='ltr'><em>donationibus</em></span> <span class='ocrx_word' id='word_1_282' title='bbox 1809 3306 1921 3376; x_wconf 83' lang='lat' dir='ltr'><em>erineiis</em></span> <span class='ocrx_word' id='word_1_283' title='bbox 1948 3304 2024 3375; x_wconf 77' lang='lat' dir='ltr'><em>tedt</em></span> 
     </span>
    </p>
   </div>
   <div class='ocr_carea' id='block_1_3' title="bbox 199 3441 2003 3563">
    <p class='ocr_par' dir='ltr' id='par_1_3' title="bbox 199 3441 2003 3563">
     <span class='ocr_line' id='line_1_22' title="bbox 199 3441 2003 3563; baseline -0.006 -31"><span class='ocrx_word' id='word_1_284' title='bbox 199 3456 394 3563; x_wconf 87' lang='lat' dir='ltr'><em>disperderet</em></span> <span class='ocrx_word' id='word_1_285' title='bbox 412 3453 494 3552; x_wconf 80' lang='lat' dir='ltr'><em>juro</em></span> <span class='ocrx_word' id='word_1_286' title='bbox 523 3471 655 3547; x_wconf 79' lang='lat' dir='ltr'><em>quoque</em></span> <span class='ocrx_word' id='word_1_287' title='bbox 677 3441 864 3545; x_wconf 78' lang='lat' dir='ltr'><em>provident,</em></span> <span class='ocrx_word' id='word_1_288' title='bbox 898 3454 937 3513; x_wconf 89' lang='lat' dir='ltr'><em>ut</em></span> <span class='ocrx_word' id='word_1_289' title='bbox 962 3443 1031 3513; x_wconf 89' lang='lat' dir='ltr'><em>olio</em></span> <span class='ocrx_word' id='word_1_290' title='bbox 1058 3456 1198 3516; x_wconf 90' lang='lat' dir='ltr'><em>taceam.</em></span> <span class='ocrx_word' id='word_1_291' title='bbox 1266 3446 1368 3543; x_wconf 71' lang='lat' dir='ltr'><em>Qvod</em></span> <span class='ocrx_word' id='word_1_292' title='bbox 1390 3476 1470 3520; x_wconf 91' lang='lat' dir='ltr'><em>cura</em></span> <span class='ocrx_word' id='word_1_293' title='bbox 1498 3451 1684 3549; x_wconf 81' lang='lat' dir='ltr'><em>reipublicee</em></span> <span class='ocrx_word' id='word_1_294' title='bbox 1712 3450 1764 3521; x_wconf 90' lang='lat' dir='ltr'><em>od</em></span> <span class='ocrx_word' id='word_1_295' title='bbox 1786 3450 1860 3522; x_wconf 81' lang='lat' dir='ltr'><em>leae</em></span> <span class='ocrx_word' id='word_1_296' title='bbox 1887 3450 2003 3521; x_wconf 90' lang='lat' dir='ltr'><em>omnia</em></span> 
     </span>
    </p>
   </div>
   <div class='ocr_carea' id='block_1_4' title="bbox 196 3587 2024 3709">
    <p class='ocr_par' dir='ltr' id='par_1_4' title="bbox 196 3587 2024 3709">
     <span class='ocr_line' id='line_1_23' title="bbox 196 3587 2024 3709; baseline -0.009 -27"><span class='ocrx_word' id='word_1_297' title='bbox 196 3602 376 3709; x_wconf 79' lang='lat' dir='ltr'><em>porrexen&#39;t</em></span> <span class='ocrx_word' id='word_1_298' title='bbox 400 3625 438 3671; x_wconf 92' lang='lat' dir='ltr'><em>eo</em></span> <span class='ocrx_word' id='word_1_299' title='bbox 466 3593 574 3694; x_wconf 90' lang='lat' dir='ltr'><em>magis</em></span> <span class='ocrx_word' id='word_1_300' title='bbox 599 3587 811 3672; x_wconf 89' lang='lat' dir='ltr'><em>mirandum,</em></span> <span class='ocrx_word' id='word_1_301' title='bbox 845 3612 921 3658; x_wconf 92' lang='lat' dir='ltr'><em>cum</em></span> <span class='ocrx_word' id='word_1_302' title='bbox 948 3614 1104 3658; x_wconf 86' lang='lat' dir='ltr'><em>summus</em></span> <span class='ocrx_word' id='word_1_303' title='bbox 1129 3588 1285 3660; x_wconf 75' lang='lat' dir='ltr'><em>libertates</em></span> <span class='ocrx_word' id='word_1_304' title='bbox 1311 3591 1430 3662; x_wconf 83' lang='lat' dir='ltr'><em>cirium</em></span> <span class='ocrx_word' id='word_1_305' title='bbox 1456 3620 1557 3664; x_wconf 92' lang='lat' dir='ltr'><em>amor</em></span> <span class='ocrx_word' id='word_1_306' title='bbox 1580 3594 1704 3666; x_wconf 90' lang='lat' dir='ltr'><em>talibus</em></span> <span class='ocrx_word' id='word_1_307' title='bbox 1730 3596 1861 3668; x_wconf 89' lang='lat' dir='ltr'><em>statutis</em></span> <span class='ocrx_word' id='word_1_308' title='bbox 1889 3596 2024 3668; x_wconf 89' lang='lat' dir='ltr'><em>obstocu</em></span> 
     </span>
    </p>
   </div>
   <div class='ocr_carea' id='block_1_5' title="bbox 199 3735 611 3839">
    <p class='ocr_par' dir='ltr' id='par_1_5' title="bbox 199 3735 611 3839">
     <span class='ocr_line' id='line_1_24' title="bbox 199 3735 611 3839; baseline -0.046 -16"><span class='ocrx_word' id='word_1_309' title='bbox 199 3748 298 3823; x_wconf 86' lang='lat' dir='ltr'><em>baud</em></span> <span class='ocrx_word' id='word_1_310' title='bbox 322 3746 385 3817; x_wconf 82' lang='lat' dir='ltr'><em>lere</em></span> <span class='ocrx_word' id='word_1_311' title='bbox 412 3735 611 3839; x_wconf 88' lang='lat' dir='ltr'><em>opposuerit.</em></span> 
     </span>
    </p>
   </div>
   <div class='ocr_carea' id='block_1_6' title="bbox 367 3864 2024 3989">
    <p class='ocr_par' dir='ltr' id='par_1_6' title="bbox 367 3864 2024 3989">
     <span class='ocr_line' id='line_1_25' title="bbox 367 3864 2024 3989; baseline 0.005 -39"><span class='ocrx_word' id='word_1_312' title='bbox 367 3883 421 3957; x_wconf 87' lang='lat' dir='ltr'><em>Eo</em></span> <span class='ocrx_word' id='word_1_313' title='bbox 454 3879 589 3951; x_wconf 89' lang='lat' dir='ltr'><em>nomine</em></span> <span class='ocrx_word' id='word_1_314' title='bbox 624 3902 756 3975; x_wconf 82' lang='lat' dir='ltr'><em>quoque</em></span> <span class='ocrx_word' id='word_1_315' title='bbox 785 3870 904 3949; x_wconf 76' lang='lat' dir='ltr'><em>Codex</em></span> <span class='ocrx_word' id='word_1_316' title='bbox 934 3888 1043 3949; x_wconf 91' lang='lat' dir='ltr'><em>noster</em></span> <span class='ocrx_word' id='word_1_317' title='bbox 1067 3875 1204 3949; x_wconf 91' lang='lat' dir='ltr'><em>laudari</em></span> <span class='ocrx_word' id='word_1_318' title='bbox 1227 3891 1382 3967; x_wconf 90' lang='lat' dir='ltr'><em>meretur,</em></span> <span class='ocrx_word' id='word_1_319' title='bbox 1417 3894 1456 3955; x_wconf 92' lang='lat' dir='ltr'><em>ut</em></span> <span class='ocrx_word' id='word_1_320' title='bbox 1487 3864 1650 3983; x_wconf 75' lang='lat' dir='ltr'><em>singulari</em></span> <span class='ocrx_word' id='word_1_321' title='bbox 1678 3887 1857 3986; x_wconf 89' lang='lat' dir='ltr'><em>prudentio</em></span> <span class='ocrx_word' id='word_1_322' title='bbox 1886 3912 2024 3989; x_wconf 83' lang='lat' dir='ltr'><em>prospee</em></span> 
     </span>
    </p>
   </div>
   <div class='ocr_carea' id='block_1_7' title="bbox 188 4020 2024 4274">
    <p class='ocr_par' dir='ltr' id='par_1_7' title="bbox 188 4020 2024 4274">
     <span class='ocr_line' id='line_1_26' title="bbox 188 4020 2024 4138; baseline -0.003 -30"><span class='ocrx_word' id='word_1_323' title='bbox 188 4032 298 4138; x_wconf 92' lang='lat' dir='ltr'><em>suerit</em></span> <span class='ocrx_word' id='word_1_324' title='bbox 328 4055 389 4130; x_wconf 83' lang='lat' dir='ltr'><em>qoo</em></span> <span class='ocrx_word' id='word_1_325' title='bbox 421 4025 502 4097; x_wconf 81' lang='lat' dir='ltr'><em>eires</em></span> <span class='ocrx_word' id='word_1_326' title='bbox 529 4031 685 4091; x_wconf 89' lang='lat' dir='ltr'><em>accurata</em></span> <span class='ocrx_word' id='word_1_327' title='bbox 704 4020 794 4117; x_wconf 88' lang='lat' dir='ltr'><em>juris</em></span> <span class='ocrx_word' id='word_1_328' title='bbox 821 4020 951 4117; x_wconf 75' lang='lat' dir='ltr'><em>regentis</em></span> <span class='ocrx_word' id='word_1_329' title='bbox 977 4021 1093 4091; x_wconf 90' lang='lat' dir='ltr'><em>notitia</em></span> <span class='ocrx_word' id='word_1_330' title='bbox 1120 4021 1342 4097; x_wconf 86' lang='lat' dir='ltr'><em>imbuerentur</em></span> <span class='ocrx_word' id='word_1_331' title='bbox 1365 4038 1396 4099; x_wconf 89' lang='lat' dir='ltr'><em>et</em></span> <span class='ocrx_word' id='word_1_332' title='bbox 1421 4027 1499 4100; x_wconf 82' lang='lat' dir='ltr'><em>leuic</em></span> <span class='ocrx_word' id='word_1_333' title='bbox 1524 4030 1667 4129; x_wconf 88' lang='lat' dir='ltr'><em>sapienti</em></span> <span class='ocrx_word' id='word_1_334' title='bbox 1692 4031 1827 4104; x_wconf 86' lang='lat' dir='ltr'><em>cieitotis</em></span> <span class='ocrx_word' id='word_1_335' title='bbox 1853 4032 2024 4106; x_wconf 88' lang='lat' dir='ltr'><em>moderato</em></span> 
     </span>
     <span class='ocr_line' id='line_1_27' title="bbox 202 4160 1911 4274; baseline -0.001 -23"><span class='ocrx_word' id='word_1_336' title='bbox 202 4176 337 4255; x_wconf 88' lang='lat' dir='ltr'><em>consilio</em></span> <span class='ocrx_word' id='word_1_337' title='bbox 364 4180 510 4245; x_wconf 85' lang='lat' dir='ltr'><em>erentum</em></span> <span class='ocrx_word' id='word_1_338' title='bbox 538 4162 662 4263; x_wconf 91' lang='lat' dir='ltr'><em>optime</em></span> <span class='ocrx_word' id='word_1_339' title='bbox 688 4160 912 4261; x_wconf 73' lang='lat' dir='ltr'><em>respondisse,</em></span> <span class='ocrx_word' id='word_1_340' title='bbox 951 4162 1095 4234; x_wconf 81' lang='lat' dir='ltr'><em>biston&#39;a</em></span> <span class='ocrx_word' id='word_1_341' title='bbox 1122 4163 1336 4239; x_wconf 89' lang='lat' dir='ltr'><em>Islandorum</em></span> <span class='ocrx_word' id='word_1_342' title='bbox 1364 4173 1475 4270; x_wconf 75' lang='lat' dir='ltr'><em>quaeis</em></span> <span class='ocrx_word' id='word_1_343' title='bbox 1489 4175 1566 4274; x_wconf 91' lang='lat' dir='ltr'><em>sere</em></span> <span class='ocrx_word' id='word_1_344' title='bbox 1589 4177 1718 4274; x_wconf 88' lang='lat' dir='ltr'><em>pagina</em></span> <span class='ocrx_word' id='word_1_345' title='bbox 1744 4188 1911 4249; x_wconf 86' lang='lat' dir='ltr'><em>testantur.</em></span> 
     </span>
    </p>
   </div>
   <div class='ocr_carea' id='block_1_8' title="bbox 367 4306 2024 4425">
    <p class='ocr_par' dir='ltr' id='par_1_8' title="bbox 367 4306 2024 4425">
     <span class='ocr_line' id='line_1_28' title="bbox 367 4306 2024 4425; baseline 0.004 -38"><span class='ocrx_word' id='word_1_346' title='bbox 367 4314 473 4398; x_wconf 86' lang='lat' dir='ltr'><em>Sunt,</em></span> <span class='ocrx_word' id='word_1_347' title='bbox 511 4310 568 4411; x_wconf 80' lang='lat' dir='ltr'><em>qui</em></span> <span class='ocrx_word' id='word_1_348' title='bbox 595 4306 743 4378; x_wconf 91' lang='lat' dir='ltr'><em>ordinem</em></span> <span class='ocrx_word' id='word_1_349' title='bbox 766 4307 971 4403; x_wconf 84' lang='lat' dir='ltr'><em>judiciomm</em></span> <span class='ocrx_word' id='word_1_350' title='bbox 1002 4309 1037 4377; x_wconf 91' lang='lat' dir='ltr'><em>in</em></span> <span class='ocrx_word' id='word_1_351' title='bbox 1065 4307 1128 4379; x_wconf 87' lang='lat' dir='ltr'><em>boe</em></span> <span class='ocrx_word' id='word_1_352' title='bbox 1158 4306 1280 4381; x_wconf 85' lang='lat' dir='ltr'><em>Codice</em></span> <span class='ocrx_word' id='word_1_353' title='bbox 1302 4315 1533 4413; x_wconf 70' lang='lat' dir='ltr'><em>proscriptum</em></span> <span class='ocrx_word' id='word_1_354' title='bbox 1562 4319 1731 4417; x_wconf 88' lang='lat' dir='ltr'><em>culpentur</em></span> <span class='ocrx_word' id='word_1_355' title='bbox 1755 4347 1793 4390; x_wconf 87' lang='lat' dir='ltr'><em>eo</em></span> <span class='ocrx_word' id='word_1_356' title='bbox 1822 4326 1976 4411; x_wconf 78' lang='lat' dir='ltr'><em>nomene,</em></span> <span class='ocrx_word' id='word_1_357' title='bbox 2013 4354 2024 4425; x_wconf 63' lang='lat' dir='ltr'><em>g</em></span> 
     </span>
    </p>
   </div>
   <div class='ocr_carea' id='block_1_9' title="bbox 203 4446 2020 4567">
    <p class='ocr_par' dir='ltr' id='par_1_9' title="bbox 203 4446 2020 4567">
     <span class='ocr_line' id='line_1_29' title="bbox 203 4446 2020 4567; baseline 0.014 -50"><span class='ocrx_word' id='word_1_358' title='bbox 203 4460 403 4565; x_wconf 52' lang='lat' dir='ltr'><em>megarius</em></span> <span class='ocrx_word' id='word_1_359' title='bbox 419 4466 624 4529; x_wconf 83' lang='lat' dir='ltr'><em>evocatorum</em></span> <span class='ocrx_word' id='word_1_360' title='bbox 643 4446 773 4543; x_wconf 79' lang='lat' dir='ltr'><em>(qvidr)</em></span> <span class='ocrx_word' id='word_1_361' title='bbox 791 4474 873 4517; x_wconf 92' lang='lat' dir='ltr'><em>usus</em></span> <span class='ocrx_word' id='word_1_362' title='bbox 885 4448 1288 4547; x_wconf 80' lang='lat' dir='ltr'><em>plurimaquesomeuloe,</em></span> <span class='ocrx_word' id='word_1_363' title='bbox 1314 4481 1338 4524; x_wconf 89' lang='lat' dir='ltr'><em>a</em></span> <span class='ocrx_word' id='word_1_364' title='bbox 1356 4483 1495 4554; x_wconf 83' lang='lat' dir='ltr'><em>qearnm</em></span> <span class='ocrx_word' id='word_1_365' title='bbox 1512 4461 1622 4531; x_wconf 91' lang='lat' dir='ltr'><em>stricta</em></span> <span class='ocrx_word' id='word_1_366' title='bbox 1639 4461 1860 4536; x_wconf 77' lang='lat' dir='ltr'><em>obsenon&#39;orn</em></span> <span class='ocrx_word' id='word_1_367' title='bbox 1877 4471 2020 4567; x_wconf 72' lang='lat' dir='ltr'><em>cujusvis</em></span> 
     </span>
    </p>
   </div>
   <div class='ocr_carea' id='block_1_10' title="bbox 204 4596 2024 4751">
    <p class='ocr_par' dir='ltr' id='par_1_10' title="bbox 204 4596 2024 4751">
     <span class='ocr_line' id='line_1_30' title="bbox 204 4596 2024 4639; baseline 0.01 -23"><span class='ocrx_word' id='word_1_368' title='bbox 204 4596 2024 4639; x_wconf 41' lang='lat' dir='ltr'><em>Q</em></span> 
     </span>
     <span class='ocr_line' id='line_1_31' title="bbox 280 4651 2005 4751; baseline 0.016 -52"><span class='ocrx_word' id='word_1_369' title='bbox 280 4678 314 4749; x_wconf 59' lang='lat'><em>2)</em></span> <span class='ocrx_word' id='word_1_370' title='bbox 346 4668 436 4751; x_wconf 57' lang='lat' dir='ltr'><em>Qvod</em></span> <span class='ocrx_word' id='word_1_371' title='bbox 463 4674 545 4721; x_wconf 61' lang='grc' dir='ltr'><strong><em>ηοω,</em></strong></span> <span class='ocrx_word' id='word_1_372' title='bbox 568 4658 768 4731; x_wconf 52' lang='lat' dir='ltr'><em>digamum</em></span> <span class='ocrx_word' id='word_1_373' title='bbox 786 4669 933 4729; x_wconf 83' lang='lat' dir='ltr'><em>pecorum</em></span> <span class='ocrx_word' id='word_1_374' title='bbox 948 4654 1028 4719; x_wconf 87' lang='lat' dir='ltr'><em>jam</em></span> <span class='ocrx_word' id='word_1_375' title='bbox 1051 4651 1227 4713; x_wconf 79' lang='lat' dir='ltr'><em>etlmr‘cismi</em></span> <span class='ocrx_word' id='word_1_376' title='bbox 1251 4670 1382 4735; x_wconf 85' lang='lat' dir='ltr'><em>tempore</em></span> <span class='ocrx_word' id='word_1_377' title='bbox 1407 4668 1443 4723; x_wconf 82' lang='lat' dir='ltr'><em>in</em></span> <span class='ocrx_word' id='word_1_378' title='bbox 1465 4675 1525 4721; x_wconf 77' lang='lat' dir='ltr'><em>usu</em></span> <span class='ocrx_word' id='word_1_379' title='bbox 1537 4663 1665 4741; x_wconf 82' lang='lat' dir='ltr'><em>fuerint</em></span> <span class='ocrx_word' id='word_1_380' title='bbox 1690 4670 1724 4724; x_wconf 90' lang='lat' dir='ltr'><em>in</em></span> <span class='ocrx_word' id='word_1_381' title='bbox 1748 4672 1895 4733; x_wconf 75' lang='lat' dir='ltr'><em>letande&#39;a</em></span> <span class='ocrx_word' id='word_1_382' title='bbox 1921 4682 2005 4739; x_wconf 63' lang='lat' dir='ltr'><em>ime,-</em></span> 
     </span>
    </p>
   </div>
   <div class='ocr_carea' id='block_1_11' title="bbox 268 4748 2024 5240">
    <p class='ocr_par' dir='ltr' id='par_1_11' title="bbox 330 4748 2024 5045">
     <span class='ocr_line' id='line_1_32' title="bbox 330 4748 2024 4849; baseline 0.022 -53"><span class='ocrx_word' id='word_1_383' title='bbox 330 4790 375 4840; x_wconf 41' lang='grc' dir='ltr'><em>,α</em></span> <span class='ocrx_word' id='word_1_384' title='bbox 400 4758 573 4845; x_wconf 62' lang='lat' dir='ltr'><em>Eyrbmq,</em></span> <span class='ocrx_word' id='word_1_385' title='bbox 593 4759 623 4817; x_wconf 71' lang='lat' dir='ltr'><em>s,</em></span> <span class='ocrx_word' id='word_1_386' title='bbox 648 4775 674 4813; x_wconf 65' lang='grc' dir='ltr'><em>ο,</em></span> <span class='ocrx_word' id='word_1_387' title='bbox 692 4756 733 4813; x_wconf 81' lang='grc'><em>23</em></span> <span class='ocrx_word' id='word_1_388' title='bbox 754 4773 788 4830; x_wconf 83' lang='lat' dir='ltr'><em>p.</em></span> <span class='ocrx_word' id='word_1_389' title='bbox 807 4751 870 4809; x_wconf 88' lang='grc'>106</span> <span class='ocrx_word' id='word_1_390' title='bbox 896 4748 1059 4819; x_wconf 85' lang='lat' dir='ltr'><em>discimus,</em></span> <span class='ocrx_word' id='word_1_391' title='bbox 1084 4752 1137 4809; x_wconf 89' lang='lat' dir='ltr'><em>ubi</em></span> <span class='ocrx_word' id='word_1_392' title='bbox 1162 4757 1272 4832; x_wconf 85' lang='lat' dir='ltr'><em>agitur</em></span> <span class='ocrx_word' id='word_1_393' title='bbox 1295 4757 1332 4815; x_wconf 77' lang='lat' dir='ltr'><em>de</em></span> <span class='ocrx_word' id='word_1_394' title='bbox 1355 4772 1430 4817; x_wconf 85' lang='lat' dir='ltr'><em>nota</em></span> <span class='ocrx_word' id='word_1_395' title='bbox 1454 4762 1522 4819; x_wconf 77' lang='lat' dir='ltr'><em>ouis</em></span> <span class='ocrx_word' id='word_1_396' title='bbox 1545 4762 1737 4835; x_wconf 68' lang='lat' dir='ltr'><em>disjunctiva</em></span> <span class='ocrx_word' id='word_1_397' title='bbox 1758 4777 1868 4849; x_wconf 80' lang='lat' dir='ltr'><em>gregis</em></span> <span class='ocrx_word' id='word_1_398' title='bbox 1894 4794 1917 4835; x_wconf 83' lang='lat' dir='ltr'><em>a</em></span> <span class='ocrx_word' id='word_1_399' title='bbox 1943 4795 2024 4838; x_wconf 80' lang='lat' dir='ltr'><em>mom</em></span> 
     </span>
     <span class='ocr_line' id='line_1_33' title="bbox 339 4850 2024 4950; baseline 0.008 -31"><span class='ocrx_word' id='word_1_400' title='bbox 339 4864 531 4943; x_wconf 76' lang='lat' dir='ltr'><em>conepascuis</em></span> <span class='ocrx_word' id='word_1_401' title='bbox 555 4857 688 4915; x_wconf 83' lang='lat' dir='ltr'><em>eolleotoe</em></span> <span class='ocrx_word' id='word_1_402' title='bbox 712 4866 741 4911; x_wconf 88' lang='lat' dir='ltr'><em>et</em></span> <span class='ocrx_word' id='word_1_403' title='bbox 766 4854 803 4909; x_wconf 86' lang='lat' dir='ltr'><em>de</em></span> <span class='ocrx_word' id='word_1_404' title='bbox 827 4852 881 4907; x_wconf 84' lang='lat' dir='ltr'><em>lite</em></span> <span class='ocrx_word' id='word_1_405' title='bbox 902 4850 1000 4925; x_wconf 80' lang='lat' dir='ltr'><em>gravi</em></span> <span class='ocrx_word' id='word_1_406' title='bbox 1019 4852 1158 4923; x_wconf 83' lang='lat' dir='ltr'><em>primurn</em></span> <span class='ocrx_word' id='word_1_407' title='bbox 1183 4856 1264 4911; x_wconf 85' lang='lat' dir='ltr'><em>inter</em></span> <span class='ocrx_word' id='word_1_408' title='bbox 1285 4874 1417 4933; x_wconf 75' lang='lat' dir='ltr'><em>gregum</em></span> <span class='ocrx_word' id='word_1_409' title='bbox 1441 4859 1578 4916; x_wconf 74' lang='lat' dir='ltr'><em>custodes</em></span> <span class='ocrx_word' id='word_1_410' title='bbox 1602 4875 1630 4918; x_wconf 88' lang='lat' dir='ltr'><em>et</em></span> <span class='ocrx_word' id='word_1_411' title='bbox 1656 4864 1726 4921; x_wconf 87' lang='lat' dir='ltr'><em>dein</em></span> <span class='ocrx_word' id='word_1_412' title='bbox 1751 4873 1831 4930; x_wconf 89' lang='lat' dir='ltr'><em>inter</em></span> <span class='ocrx_word' id='word_1_413' title='bbox 1855 4876 1939 4950; x_wconf 79' lang='lat' dir='ltr'><em>ipsos</em></span> <span class='ocrx_word' id='word_1_414' title='bbox 1962 4880 2024 4939; x_wconf 78' lang='lat' dir='ltr'><em>don</em></span> 
     </span>
     <span class='ocr_line' id='line_1_34' title="bbox 345 4948 1085 5045; baseline -0.022 -26"><span class='ocrx_word' id='word_1_415' title='bbox 345 4962 515 5045; x_wconf 70' lang='lat' dir='ltr'><em>Vigfhsum</em></span> <span class='ocrx_word' id='word_1_416' title='bbox 540 4970 569 5016; x_wconf 86' lang='lat' dir='ltr'><em>et</em></span> <span class='ocrx_word' id='word_1_417' title='bbox 594 4955 777 5013; x_wconf 84' lang='lat' dir='ltr'><em>Sreorronem</em></span> <span class='ocrx_word' id='word_1_418' title='bbox 801 4948 864 5007; x_wconf 83' lang='lat' dir='ltr'><em>leae</em></span> <span class='ocrx_word' id='word_1_419' title='bbox 888 4948 925 5005; x_wconf 88' lang='lat' dir='ltr'><em>de</em></span> <span class='ocrx_word' id='word_1_420' title='bbox 949 4968 982 5005; x_wconf 84' lang='lat' dir='ltr'><em>re</em></span> <span class='ocrx_word' id='word_1_421' title='bbox 1005 4958 1085 5003; x_wconf 88' lang='lat' dir='ltr'><em>orta.</em></span> 
     </span>
    </p>

    <p class='ocr_par' dir='ltr' id='par_1_12' title="bbox 268 5046 2024 5240">
     <span class='ocr_line' id='line_1_35' title="bbox 268 5046 2024 5157; baseline 0.019 -54"><span class='ocrx_word' id='word_1_422' title='bbox 268 5070 318 5140; x_wconf 67' lang='lat' dir='ltr'><em>ss)</em></span> <span class='ocrx_word' id='word_1_423' title='bbox 348 5066 428 5121; x_wconf 63' lang='lat' dir='ltr'><strong><em>Jioec</em></strong></span> <span class='ocrx_word' id='word_1_424' title='bbox 447 5062 495 5118; x_wconf 68' lang='lat' dir='ltr'><em>lex</em></span> <span class='ocrx_word' id='word_1_425' title='bbox 516 5056 634 5137; x_wconf 77' lang='lat' dir='ltr'><em>qetetem</em></span> <span class='ocrx_word' id='word_1_426' title='bbox 654 5052 691 5110; x_wconf 81' lang='lat' dir='ltr'><em>de</em></span> <span class='ocrx_word' id='word_1_427' title='bbox 710 5054 811 5121; x_wconf 84' lang='lat' dir='ltr'><em>notis,</em></span> <span class='ocrx_word' id='word_1_428' title='bbox 836 5048 943 5127; x_wconf 77' lang='lat' dir='ltr'><em>quibus</em></span> <span class='ocrx_word' id='word_1_429' title='bbox 963 5046 1082 5122; x_wconf 81' lang='lat' dir='ltr'><em>singuli</em></span> <span class='ocrx_word' id='word_1_430' title='bbox 1102 5055 1223 5105; x_wconf 84' lang='lat' dir='ltr'><em>tractus</em></span> <span class='ocrx_word' id='word_1_431' title='bbox 1242 5068 1492 5126; x_wconf 84' lang='lat' dir='ltr'><em>compascuorum</em></span> <span class='ocrx_word' id='word_1_432' title='bbox 1513 5050 1575 5132; x_wconf 76' lang='lat' dir='ltr'><em>(sel</em></span> <span class='ocrx_word' id='word_1_433' title='bbox 1597 5061 1647 5119; x_wconf 82' lang='lat' dir='ltr'><em>oel</em></span> <span class='ocrx_word' id='word_1_434' title='bbox 1665 5062 1769 5145; x_wconf 78' lang='lat' dir='ltr'><em>Saeter)</em></span> <span class='ocrx_word' id='word_1_435' title='bbox 1792 5068 1838 5127; x_wconf 81' lang='lat' dir='ltr'><em>at</em></span> <span class='ocrx_word' id='word_1_436' title='bbox 1855 5070 2024 5157; x_wconf 63' lang='lat' dir='ltr'><em>diversos}</em></span> 
     </span>
     <span class='ocr_line' id='line_1_36' title="bbox 341 5144 1835 5240; baseline 0.002 -21"><span class='ocrx_word' id='word_1_437' title='bbox 341 5181 410 5221; x_wconf 79' lang='lat' dir='ltr'><em>rone</em></span> <span class='ocrx_word' id='word_1_438' title='bbox 435 5160 571 5216; x_wconf 83' lang='lat' dir='ltr'><em>dominos</em></span> <span class='ocrx_word' id='word_1_439' title='bbox 590 5154 778 5233; x_wconf 78' lang='lat' dir='ltr'><em>pertinentes</em></span> <span class='ocrx_word' id='word_1_440' title='bbox 802 5144 1087 5225; x_wconf 63' lang='lat' dir='ltr'><em>distinguebantur,</em></span> <span class='ocrx_word' id='word_1_441' title='bbox 1120 5144 1274 5223; x_wconf 51' lang='grc'>10991111,</span> <span class='ocrx_word' id='word_1_442' title='bbox 1307 5168 1368 5207; x_wconf 89' lang='lat' dir='ltr'><em>non</em></span> <span class='ocrx_word' id='word_1_443' title='bbox 1394 5162 1498 5209; x_wconf 83' lang='lat' dir='ltr'><em>autem</em></span> <span class='ocrx_word' id='word_1_444' title='bbox 1522 5154 1558 5211; x_wconf 86' lang='lat' dir='ltr'><em>de</em></span> <span class='ocrx_word' id='word_1_445' title='bbox 1583 5162 1664 5219; x_wconf 78' lang='lat' dir='ltr'><em>notis</em></span> <span class='ocrx_word' id='word_1_446' title='bbox 1680 5182 1835 5240; x_wconf 81' lang='lat' dir='ltr'><em>pecorum.</em></span> 
     </span>
    </p>
   </div>
   <div class='ocr_carea' id='block_1_12' title="bbox 0 0 2271 5844">
    <p class='ocr_par' dir='ltr' id='par_1_13' title="bbox 0 0 2271 5844">
     <span class='ocr_line' id='line_1_37' title="bbox 0 0 2271 5844; baseline 0 0"><span class='ocrx_word' id='word_1_447' title='bbox 0 0 2271 5844; x_wconf 95' lang='lat' dir='ltr'><em> </em></span> 
     </span>
    </p>
   </div>
  </div>
 </body>
</html>
